<?xml version="1.0" encoding="UTF-8" standalone="yes"?>
<JPK xmlns="http://jpk.mf.gov.pl/wzor/2019/09/27/09271/" xmlns:ns2="http://crd.gov.pl/xml/schematy/dziedzinowe/mf/2018/08/24/eD/DefinicjeTypy/">
    <Naglowek>
        <KodFormularza kodSystemowy="JPK_FA (3)" wersjaSchemy="1-0">JPK_FA</KodFormularza>
        <WariantFormularza>3</WariantFormularza>
        <CelZlozenia>1</CelZlozenia>
        <DataWytworzeniaJPK>2023-01-17T13:28:23.640+01:00</DataWytworzeniaJPK>
        <KodUrzedu>2137</KodUrzedu>
    </Naglowek>
    <Podmiot1>
        <IdentyfikatorPodmiotu>
            <ns2:NIP>21374202137</ns2:NIP>
            <ns2:PelnaNazwa>Radio Maryja</ns2:PelnaNazwa>
        </IdentyfikatorPodmiotu>
        <AdresPodmiotu>
            <ns2:KodKraju>PL</ns2:KodKraju>
            <ns2:Wojewodztwo>Kujawsko-Pomorskie</ns2:Wojewodztwo>
            <ns2:Powiat>m. Toruń</ns2:Powiat>
            <ns2:Gmina>Toruń</ns2:Gmina>
            <ns2:Ulica>ul. Żwirki i Wigury 80</ns2:Ulica>
            <ns2:NrDomu>80</ns2:NrDomu>
            <ns2:NrLokalu>1</ns2:NrLokalu>
            <ns2:Miejscowosc>Toruń</ns2:Miejscowosc>
            <ns2:KodPocztowy>87-100</ns2:KodPocztowy>
        </AdresPodmiotu>
    </Podmiot1>
    <Faktura>
        <KodWaluty>PLN</KodWaluty>
        <P_1>2020-10-09</P_1>
        <P_2A>3-09/10/2020</P_2A>
        <P_3A>Firma5 SP. Z O.O.</P_3A>
        <P_3B>Firma5 SP. Z O.O.-ADDRESS</P_3B>
        <P_3C>Radio Maryja</P_3C>
        <P_3D>UL. FELIKSA RADWAŃSKIEGO 15/1, 30-065 KRAKÓW</P_3D>
        <P_4A>PL</P_4A>
        <P_4B>21374202137</P_4B>
        <P_5B>634-27-26-447</P_5B>
        <P_6>2020-10-09</P_6>
        <P_13_1>3000.00</P_13_1>
        <P_14_1>690.00</P_14_1>
        <P_15>3690.00</P_15>
        <P_16>false</P_16>
        <P_17>false</P_17>
        <P_18>false</P_18>
        <P_18A>false</P_18A>
        <P_19>false</P_19>
        <P_20>false</P_20>
        <P_21>false</P_21>
        <P_22>false</P_22>
        <P_23>false</P_23>
        <P_106E_2>false</P_106E_2>
        <P_106E_3>false</P_106E_3>
    </Faktura>
    <Faktura>
        <KodWaluty>PLN</KodWaluty>
        <P_1>2020-10-09</P_1>
        <P_2A>4-09/10/2020</P_2A>
        <P_3A>Firma6 SP. Z O.O.</P_3A>
        <P_3B>Firma6 SP. Z O.O.-ADDRESS</P_3B>
        <P_3C>Radio Maryja</P_3C>
        <P_3D>UL. FELIKSA RADWAŃSKIEGO 15/1, 30-065 KRAKÓW</P_3D>
        <P_4A>PL</P_4A>
        <P_4B>21374202137</P_4B>
        <P_5B>676-247-94-12</P_5B>
        <P_6>2020-10-09</P_6>
        <P_13_1>7000.00</P_13_1>
        <P_14_1>1610.00</P_14_1>
        <P_15>8610.00</P_15>
        <P_16>false</P_16>
        <P_17>false</P_17>
        <P_18>false</P_18>
        <P_18A>false</P_18A>
        <P_19>false</P_19>
        <P_20>false</P_20>
        <P_21>false</P_21>
        <P_22>false</P_22>
        <P_23>false</P_23>
        <P_106E_2>false</P_106E_2>
        <P_106E_3>false</P_106E_3>
    </Faktura>
    <Faktura>
        <KodWaluty>PLN</KodWaluty>
        <P_1>2020-10-13</P_1>
        <P_2A>1-13/10/2020</P_2A>
        <P_3A>Firma10 Sp. z o.o.</P_3A>
        <P_3B>Firma10 Sp. z o.o.-ADDRESS</P_3B>
        <P_3C>Radio Maryja</P_3C>
        <P_3D>UL. PODGÓRKI TYNIECKIE 91, 30-398 KRAKÓW</P_3D>
        <P_4A>PL</P_4A>
        <P_4B>21374202137</P_4B>
        <P_5B>676-256-68-84</P_5B>
        <P_6>2020-10-13</P_6>
        <P_13_1>3774.00</P_13_1>
        <P_14_1>868.02</P_14_1>
        <P_15>4642.02</P_15>
        <P_16>false</P_16>
        <P_17>false</P_17>
        <P_18>false</P_18>
        <P_18A>false</P_18A>
        <P_19>false</P_19>
        <P_20>false</P_20>
        <P_21>false</P_21>
        <P_22>false</P_22>
        <P_23>false</P_23>
        <P_106E_2>false</P_106E_2>
        <P_106E_3>false</P_106E_3>
    </Faktura>
    <Faktura>
        <KodWaluty>PLN</KodWaluty>
        <P_1>2020-10-14</P_1>
        <P_2A>3-14/10/2020</P_2A>
        <P_3A>Firma1 Sp. z o.o</P_3A>
        <P_3B>Firma1 Sp. z o.o-ADDRESS</P_3B>
        <P_3C>Radio Maryja</P_3C>
        <P_3D>AL. A. Mickiewicza 141, 31-127 Kraków</P_3D>
        <P_4A>PL</P_4A>
        <P_4B>21374202137</P_4B>
        <P_5B>113-29-95-753 </P_5B>
        <P_6>2020-10-14</P_6>
        <P_13_1>1000.00</P_13_1>
        <P_14_1>1092.50</P_14_1>
        <P_15>93787.50</P_15>
        <P_16>false</P_16>
        <P_17>false</P_17>
        <P_18>false</P_18>
        <P_18A>false</P_18A>
        <P_19>false</P_19>
        <P_20>false</P_20>
        <P_21>false</P_21>
        <P_22>false</P_22>
        <P_23>false</P_23>
        <P_106E_2>false</P_106E_2>
        <P_106E_3>false</P_106E_3>
    </Faktura>
    <Faktura>
        <KodWaluty>PLN</KodWaluty>
        <P_1>2020-10-14</P_1>
        <P_2A>3-14/10/2020</P_2A>
        <P_3A>Firma1 Sp. z o.o</P_3A>
        <P_3B>Firma1 Sp. z o.o-ADDRESS</P_3B>
        <P_3C>Radio Maryja</P_3C>
        <P_3D>AL. A. Mickiewicza 141, 31-127 Kraków</P_3D>
        <P_4A>PL</P_4A>
        <P_4B>21374202137</P_4B>
        <P_5B>113-29-95-753 </P_5B>
        <P_6>2020-10-14</P_6>
        <P_13_1>1000.00</P_13_1>
        <P_14_1>12650.00</P_14_1>
        <P_15>93787.50</P_15>
        <P_16>false</P_16>
        <P_17>false</P_17>
        <P_18>false</P_18>
        <P_18A>false</P_18A>
        <P_19>false</P_19>
        <P_20>false</P_20>
        <P_21>false</P_21>
        <P_22>false</P_22>
        <P_23>false</P_23>
        <P_106E_2>false</P_106E_2>
        <P_106E_3>false</P_106E_3>
    </Faktura>
    <Faktura>
        <KodWaluty>PLN</KodWaluty>
        <P_1>2020-10-14</P_1>
        <P_2A>3-14/10/2020</P_2A>
        <P_3A>Firma1 Sp. z o.o</P_3A>
        <P_3B>Firma1 Sp. z o.o-ADDRESS</P_3B>
        <P_3C>Radio Maryja</P_3C>
        <P_3D>AL. A. Mickiewicza 141, 31-127 Kraków</P_3D>
        <P_4A>PL</P_4A>
        <P_4B>21374202137</P_4B>
        <P_5B>113-29-95-753 </P_5B>
        <P_6>2020-10-14</P_6>
        <P_13_1>1000.00</P_13_1>
        <P_14_1>2300.00</P_14_1>
        <P_15>93787.50</P_15>
        <P_16>false</P_16>
        <P_17>false</P_17>
        <P_18>false</P_18>
        <P_18A>false</P_18A>
        <P_19>false</P_19>
        <P_20>false</P_20>
        <P_21>false</P_21>
        <P_22>false</P_22>
        <P_23>false</P_23>
        <P_106E_2>false</P_106E_2>
        <P_106E_3>false</P_106E_3>
    </Faktura>
    <Faktura>
        <KodWaluty>PLN</KodWaluty>
        <P_1>2020-10-14</P_1>
        <P_2A>3-14/10/2020</P_2A>
        <P_3A>Firma1 Sp. z o.o</P_3A>
        <P_3B>Firma1 Sp. z o.o-ADDRESS</P_3B>
        <P_3C>Radio Maryja</P_3C>
        <P_3D>AL. A. Mickiewicza 141, 31-127 Kraków</P_3D>
        <P_4A>PL</P_4A>
        <P_4B>21374202137</P_4B>
        <P_5B>113-29-95-753 </P_5B>
        <P_6>2020-10-14</P_6>
        <P_13_1>1000.00</P_13_1>
        <P_14_1>172.50</P_14_1>
        <P_15>93787.50</P_15>
        <P_16>false</P_16>
        <P_17>false</P_17>
        <P_18>false</P_18>
        <P_18A>false</P_18A>
        <P_19>false</P_19>
        <P_20>false</P_20>
        <P_21>false</P_21>
        <P_22>false</P_22>
        <P_23>false</P_23>
        <P_106E_2>false</P_106E_2>
        <P_106E_3>false</P_106E_3>
    </Faktura>
    <Faktura>
        <KodWaluty>PLN</KodWaluty>
        <P_1>2020-10-14</P_1>
        <P_2A>3-14/10/2020</P_2A>
        <P_3A>Firma1 Sp. z o.o</P_3A>
        <P_3B>Firma1 Sp. z o.o-ADDRESS</P_3B>
        <P_3C>Radio Maryja</P_3C>
        <P_3D>AL. A. Mickiewicza 141, 31-127 Kraków</P_3D>
        <P_4A>PL</P_4A>
        <P_4B>21374202137</P_4B>
        <P_5B>113-29-95-753 </P_5B>
        <P_6>2020-10-14</P_6>
        <P_13_1>1000.00</P_13_1>
        <P_14_1>460.00</P_14_1>
        <P_15>93787.50</P_15>
        <P_16>false</P_16>
        <P_17>false</P_17>
        <P_18>false</P_18>
        <P_18A>false</P_18A>
        <P_19>false</P_19>
        <P_20>false</P_20>
        <P_21>false</P_21>
        <P_22>false</P_22>
        <P_23>false</P_23>
        <P_106E_2>false</P_106E_2>
        <P_106E_3>false</P_106E_3>
    </Faktura>
    <Faktura>
        <KodWaluty>PLN</KodWaluty>
        <P_1>2020-10-14</P_1>
        <P_2A>3-14/10/2020</P_2A>
        <P_3A>Firma1 Sp. z o.o</P_3A>
        <P_3B>Firma1 Sp. z o.o-ADDRESS</P_3B>
        <P_3C>Radio Maryja</P_3C>
        <P_3D>AL. A. Mickiewicza 141, 31-127 Kraków</P_3D>
        <P_4A>PL</P_4A>
        <P_4B>21374202137</P_4B>
        <P_5B>113-29-95-753 </P_5B>
        <P_6>2020-10-14</P_6>
        <P_13_1>1000.00</P_13_1>
        <P_14_1>345.00</P_14_1>
        <P_15>93787.50</P_15>
        <P_16>false</P_16>
        <P_17>false</P_17>
        <P_18>false</P_18>
        <P_18A>false</P_18A>
        <P_19>false</P_19>
        <P_20>false</P_20>
        <P_21>false</P_21>
        <P_22>false</P_22>
        <P_23>false</P_23>
        <P_106E_2>false</P_106E_2>
        <P_106E_3>false</P_106E_3>
    </Faktura>
    <Faktura>
        <KodWaluty>PLN</KodWaluty>
        <P_1>2020-10-14</P_1>
        <P_2A>3-14/10/2020</P_2A>
        <P_3A>Firma1 Sp. z o.o</P_3A>
        <P_3B>Firma1 Sp. z o.o-ADDRESS</P_3B>
        <P_3C>Radio Maryja</P_3C>
        <P_3D>AL. A. Mickiewicza 141, 31-127 Kraków</P_3D>
        <P_4A>PL</P_4A>
        <P_4B>21374202137</P_4B>
        <P_5B>113-29-95-753 </P_5B>
        <P_6>2020-10-14</P_6>
        <P_13_1>1000.00</P_13_1>
        <P_14_1>517.50</P_14_1>
        <P_15>93787.50</P_15>
        <P_16>false</P_16>
        <P_17>false</P_17>
        <P_18>false</P_18>
        <P_18A>false</P_18A>
        <P_19>false</P_19>
        <P_20>false</P_20>
        <P_21>false</P_21>
        <P_22>false</P_22>
        <P_23>false</P_23>
        <P_106E_2>false</P_106E_2>
        <P_106E_3>false</P_106E_3>
    </Faktura>
    <Faktura>
        <KodWaluty>PLN</KodWaluty>
        <P_1>2020-10-15</P_1>
        <P_2A>1-15/10/2020</P_2A>
        <P_3A>Firma2</P_3A>
        <P_3B>Firma2-ADDRESS</P_3B>
        <P_3C>Radio Maryja</P_3C>
        <P_3D>Ul. Zamkowa 1, 31 – 200 Kraków </P_3D>
        <P_4A>PL</P_4A>
        <P_4B>21374202137</P_4B>
        <P_5B>552-151-68-49</P_5B>
        <P_6>2020-10-15</P_6>
        <P_13_1>33739.84</P_13_1>
        <P_14_1>7760.16</P_14_1>
        <P_15>198500.00</P_15>
        <P_16>false</P_16>
        <P_17>false</P_17>
        <P_18>false</P_18>
        <P_18A>false</P_18A>
        <P_19>false</P_19>
        <P_20>false</P_20>
        <P_21>false</P_21>
        <P_22>false</P_22>
        <P_23>false</P_23>
        <P_106E_2>false</P_106E_2>
        <P_106E_3>false</P_106E_3>
    </Faktura>
    <Faktura>
        <KodWaluty>PLN</KodWaluty>
        <P_1>2020-10-15</P_1>
        <P_2A>1-15/10/2020</P_2A>
        <P_3A>Firma2</P_3A>
        <P_3B>Firma2-ADDRESS</P_3B>
        <P_3C>Radio Maryja</P_3C>
        <P_3D>Ul. Zamkowa 1, 31 – 200 Kraków </P_3D>
        <P_4A>PL</P_4A>
        <P_4B>21374202137</P_4B>
        <P_5B>552-151-68-49</P_5B>
        <P_6>2020-10-15</P_6>
        <P_13_1>21951.22</P_13_1>
        <P_14_1>5048.78</P_14_1>
        <P_15>198500.00</P_15>
        <P_16>false</P_16>
        <P_17>false</P_17>
        <P_18>false</P_18>
        <P_18A>false</P_18A>
        <P_19>false</P_19>
        <P_20>false</P_20>
        <P_21>false</P_21>
        <P_22>false</P_22>
        <P_23>false</P_23>
        <P_106E_2>false</P_106E_2>
        <P_106E_3>false</P_106E_3>
    </Faktura>
    <Faktura>
        <KodWaluty>PLN</KodWaluty>
        <P_1>2020-10-15</P_1>
        <P_2A>1-15/10/2020</P_2A>
        <P_3A>Firma2</P_3A>
        <P_3B>Firma2-ADDRESS</P_3B>
        <P_3C>Radio Maryja</P_3C>
        <P_3D>Ul. Zamkowa 1, 31 – 200 Kraków </P_3D>
        <P_4A>PL</P_4A>
        <P_4B>21374202137</P_4B>
        <P_5B>552-151-68-49</P_5B>
        <P_6>2020-10-15</P_6>
        <P_13_1>22764.23</P_13_1>
        <P_14_1>5235.77</P_14_1>
        <P_15>198500.00</P_15>
        <P_16>false</P_16>
        <P_17>false</P_17>
        <P_18>false</P_18>
        <P_18A>false</P_18A>
        <P_19>false</P_19>
        <P_20>false</P_20>
        <P_21>false</P_21>
        <P_22>false</P_22>
        <P_23>false</P_23>
        <P_106E_2>false</P_106E_2>
        <P_106E_3>false</P_106E_3>
    </Faktura>
    <Faktura>
        <KodWaluty>PLN</KodWaluty>
        <P_1>2020-10-15</P_1>
        <P_2A>1-15/10/2020</P_2A>
        <P_3A>Firma2</P_3A>
        <P_3B>Firma2-ADDRESS</P_3B>
        <P_3C>Radio Maryja</P_3C>
        <P_3D>Ul. Zamkowa 1, 31 – 200 Kraków </P_3D>
        <P_4A>PL</P_4A>
        <P_4B>21374202137</P_4B>
        <P_5B>552-151-68-49</P_5B>
        <P_6>2020-10-15</P_6>
        <P_13_1>26829.27</P_13_1>
        <P_14_1>6170.73</P_14_1>
        <P_15>198500.00</P_15>
        <P_16>false</P_16>
        <P_17>false</P_17>
        <P_18>false</P_18>
        <P_18A>false</P_18A>
        <P_19>false</P_19>
        <P_20>false</P_20>
        <P_21>false</P_21>
        <P_22>false</P_22>
        <P_23>false</P_23>
        <P_106E_2>false</P_106E_2>
        <P_106E_3>false</P_106E_3>
    </Faktura>
    <Faktura>
        <KodWaluty>PLN</KodWaluty>
        <P_1>2020-10-15</P_1>
        <P_2A>1-15/10/2020</P_2A>
        <P_3A>Firma2</P_3A>
        <P_3B>Firma2-ADDRESS</P_3B>
        <P_3C>Radio Maryja</P_3C>
        <P_3D>Ul. Zamkowa 1, 31 – 200 Kraków </P_3D>
        <P_4A>PL</P_4A>
        <P_4B>21374202137</P_4B>
        <P_5B>552-151-68-49</P_5B>
        <P_6>2020-10-15</P_6>
        <P_13_1>17886.18</P_13_1>
        <P_14_1>4113.82</P_14_1>
        <P_15>198500.00</P_15>
        <P_16>false</P_16>
        <P_17>false</P_17>
        <P_18>false</P_18>
        <P_18A>false</P_18A>
        <P_19>false</P_19>
        <P_20>false</P_20>
        <P_21>false</P_21>
        <P_22>false</P_22>
        <P_23>false</P_23>
        <P_106E_2>false</P_106E_2>
        <P_106E_3>false</P_106E_3>
    </Faktura>
    <Faktura>
        <KodWaluty>PLN</KodWaluty>
        <P_1>2020-10-15</P_1>
        <P_2A>1-15/10/2020</P_2A>
        <P_3A>Firma2</P_3A>
        <P_3B>Firma2-ADDRESS</P_3B>
        <P_3C>Radio Maryja</P_3C>
        <P_3D>Ul. Zamkowa 1, 31 – 200 Kraków </P_3D>
        <P_4A>PL</P_4A>
        <P_4B>21374202137</P_4B>
        <P_5B>552-151-68-49</P_5B>
        <P_6>2020-10-15</P_6>
        <P_13_1>23577.24</P_13_1>
        <P_14_1>5422.76</P_14_1>
        <P_15>198500.00</P_15>
        <P_16>false</P_16>
        <P_17>false</P_17>
        <P_18>false</P_18>
        <P_18A>false</P_18A>
        <P_19>false</P_19>
        <P_20>false</P_20>
        <P_21>false</P_21>
        <P_22>false</P_22>
        <P_23>false</P_23>
        <P_106E_2>false</P_106E_2>
        <P_106E_3>false</P_106E_3>
    </Faktura>
    <Faktura>
        <KodWaluty>PLN</KodWaluty>
        <P_1>2020-10-15</P_1>
        <P_2A>1-15/10/2020</P_2A>
        <P_3A>Firma2</P_3A>
        <P_3B>Firma2-ADDRESS</P_3B>
        <P_3C>Radio Maryja</P_3C>
        <P_3D>Ul. Zamkowa 1, 31 – 200 Kraków </P_3D>
        <P_4A>PL</P_4A>
        <P_4B>21374202137</P_4B>
        <P_5B>552-151-68-49</P_5B>
        <P_6>2020-10-15</P_6>
        <P_13_1>14634.15</P_13_1>
        <P_14_1>3365.85</P_14_1>
        <P_15>198500.00</P_15>
        <P_16>false</P_16>
        <P_17>false</P_17>
        <P_18>false</P_18>
        <P_18A>false</P_18A>
        <P_19>false</P_19>
        <P_20>false</P_20>
        <P_21>false</P_21>
        <P_22>false</P_22>
        <P_23>false</P_23>
        <P_106E_2>false</P_106E_2>
        <P_106E_3>false</P_106E_3>
    </Faktura>
    <Faktura>
        <KodWaluty>PLN</KodWaluty>
        <P_1>2020-10-15</P_1>
        <P_2A>2-15/10/2020</P_2A>
        <P_3A>Firma2</P_3A>
        <P_3B>Firma2-ADDRESS</P_3B>
        <P_3C>Radio Maryja</P_3C>
        <P_3D>Ul. Zamkowa 1, 31 – 200 Kraków </P_3D>
        <P_4A>PL</P_4A>
        <P_4B>21374202137</P_4B>
        <P_5B>552-151-68-49</P_5B>
        <P_6>2020-10-15</P_6>
        <P_13_1>31707.32</P_13_1>
        <P_14_1>7292.68</P_14_1>
        <P_15>59950.00</P_15>
        <P_16>false</P_16>
        <P_17>false</P_17>
        <P_18>false</P_18>
        <P_18A>false</P_18A>
        <P_19>false</P_19>
        <P_20>false</P_20>
        <P_21>false</P_21>
        <P_22>false</P_22>
        <P_23>false</P_23>
        <P_106E_2>false</P_106E_2>
        <P_106E_3>false</P_106E_3>
    </Faktura>
    <Faktura>
        <KodWaluty>PLN</KodWaluty>
        <P_1>2020-10-15</P_1>
        <P_2A>2-15/10/2020</P_2A>
        <P_3A>Firma2</P_3A>
        <P_3B>Firma2-ADDRESS</P_3B>
        <P_3C>Radio Maryja</P_3C>
        <P_3D>Ul. Zamkowa 1, 31 – 200 Kraków </P_3D>
        <P_4A>PL</P_4A>
        <P_4B>21374202137</P_4B>
        <P_5B>552-151-68-49</P_5B>
        <P_6>2020-10-15</P_6>
        <P_13_1>10000.00</P_13_1>
        <P_14_1>2300.00</P_14_1>
        <P_15>59950.00</P_15>
        <P_16>false</P_16>
        <P_17>false</P_17>
        <P_18>false</P_18>
        <P_18A>false</P_18A>
        <P_19>false</P_19>
        <P_20>false</P_20>
        <P_21>false</P_21>
        <P_22>false</P_22>
        <P_23>false</P_23>
        <P_106E_2>false</P_106E_2>
        <P_106E_3>false</P_106E_3>
    </Faktura>
    <Faktura>
        <KodWaluty>PLN</KodWaluty>
        <P_1>2020-10-15</P_1>
        <P_2A>2-15/10/2020</P_2A>
        <P_3A>Firma2</P_3A>
        <P_3B>Firma2-ADDRESS</P_3B>
        <P_3C>Radio Maryja</P_3C>
        <P_3D>Ul. Zamkowa 1, 31 – 200 Kraków </P_3D>
        <P_4A>PL</P_4A>
        <P_4B>21374202137</P_4B>
        <P_5B>552-151-68-49</P_5B>
        <P_6>2020-10-15</P_6>
        <P_13_1>2032.52</P_13_1>
        <P_14_1>467.48</P_14_1>
        <P_15>59950.00</P_15>
        <P_16>false</P_16>
        <P_17>false</P_17>
        <P_18>false</P_18>
        <P_18A>false</P_18A>
        <P_19>false</P_19>
        <P_20>false</P_20>
        <P_21>false</P_21>
        <P_22>false</P_22>
        <P_23>false</P_23>
        <P_106E_2>false</P_106E_2>
        <P_106E_3>false</P_106E_3>
    </Faktura>
    <Faktura>
        <KodWaluty>PLN</KodWaluty>
        <P_1>2020-10-15</P_1>
        <P_2A>2-15/10/2020</P_2A>
        <P_3A>Firma2</P_3A>
        <P_3B>Firma2-ADDRESS</P_3B>
        <P_3C>Radio Maryja</P_3C>
        <P_3D>Ul. Zamkowa 1, 31 – 200 Kraków </P_3D>
        <P_4A>PL</P_4A>
        <P_4B>21374202137</P_4B>
        <P_5B>552-151-68-49</P_5B>
        <P_6>2020-10-15</P_6>
        <P_13_1>5000.00</P_13_1>
        <P_14_1>1150.00</P_14_1>
        <P_15>59950.00</P_15>
        <P_16>false</P_16>
        <P_17>false</P_17>
        <P_18>false</P_18>
        <P_18A>false</P_18A>
        <P_19>false</P_19>
        <P_20>false</P_20>
        <P_21>false</P_21>
        <P_22>false</P_22>
        <P_23>false</P_23>
        <P_106E_2>false</P_106E_2>
        <P_106E_3>false</P_106E_3>
    </Faktura>
    <Faktura>
        <KodWaluty>PLN</KodWaluty>
        <P_1>2020-10-15</P_1>
        <P_2A>3-15/10/2020</P_2A>
        <P_3A>Firma2</P_3A>
        <P_3B>Firma2-ADDRESS</P_3B>
        <P_3C>Radio Maryja</P_3C>
        <P_3D>Ul. Zamkowa 1, 31 – 200 Kraków </P_3D>
        <P_4A>PL</P_4A>
        <P_4B>21374202137</P_4B>
        <P_5B>552-151-68-49</P_5B>
        <P_6>2020-10-15</P_6>
        <P_13_1>6351.63</P_13_1>
        <P_14_1>35060.98</P_14_1>
        <P_15>214000.00</P_15>
        <P_16>false</P_16>
        <P_17>false</P_17>
        <P_18>false</P_18>
        <P_18A>false</P_18A>
        <P_19>false</P_19>
        <P_20>false</P_20>
        <P_21>false</P_21>
        <P_22>false</P_22>
        <P_23>false</P_23>
        <P_106E_2>false</P_106E_2>
        <P_106E_3>false</P_106E_3>
    </Faktura>
    <Faktura>
        <KodWaluty>PLN</KodWaluty>
        <P_1>2020-10-15</P_1>
        <P_2A>3-15/10/2020</P_2A>
        <P_3A>Firma2</P_3A>
        <P_3B>Firma2-ADDRESS</P_3B>
        <P_3C>Radio Maryja</P_3C>
        <P_3D>Ul. Zamkowa 1, 31 – 200 Kraków </P_3D>
        <P_4A>PL</P_4A>
        <P_4B>21374202137</P_4B>
        <P_5B>552-151-68-49</P_5B>
        <P_6>2020-10-15</P_6>
        <P_13_1>406.50</P_13_1>
        <P_14_1>2243.90</P_14_1>
        <P_15>214000.00</P_15>
        <P_16>false</P_16>
        <P_17>false</P_17>
        <P_18>false</P_18>
        <P_18A>false</P_18A>
        <P_19>false</P_19>
        <P_20>false</P_20>
        <P_21>false</P_21>
        <P_22>false</P_22>
        <P_23>false</P_23>
        <P_106E_2>false</P_106E_2>
        <P_106E_3>false</P_106E_3>
    </Faktura>
    <Faktura>
        <KodWaluty>PLN</KodWaluty>
        <P_1>2020-10-15</P_1>
        <P_2A>3-15/10/2020</P_2A>
        <P_3A>Firma2</P_3A>
        <P_3B>Firma2-ADDRESS</P_3B>
        <P_3C>Radio Maryja</P_3C>
        <P_3D>Ul. Zamkowa 1, 31 – 200 Kraków </P_3D>
        <P_4A>PL</P_4A>
        <P_4B>21374202137</P_4B>
        <P_5B>552-151-68-49</P_5B>
        <P_6>2020-10-15</P_6>
        <P_13_1>406.50</P_13_1>
        <P_14_1>2243.90</P_14_1>
        <P_15>214000.00</P_15>
        <P_16>false</P_16>
        <P_17>false</P_17>
        <P_18>false</P_18>
        <P_18A>false</P_18A>
        <P_19>false</P_19>
        <P_20>false</P_20>
        <P_21>false</P_21>
        <P_22>false</P_22>
        <P_23>false</P_23>
        <P_106E_2>false</P_106E_2>
        <P_106E_3>false</P_106E_3>
    </Faktura>
    <Faktura>
        <KodWaluty>PLN</KodWaluty>
        <P_1>2020-10-15</P_1>
        <P_2A>3-15/10/2020</P_2A>
        <P_3A>Firma2</P_3A>
        <P_3B>Firma2-ADDRESS</P_3B>
        <P_3C>Radio Maryja</P_3C>
        <P_3D>Ul. Zamkowa 1, 31 – 200 Kraków </P_3D>
        <P_4A>PL</P_4A>
        <P_4B>21374202137</P_4B>
        <P_5B>552-151-68-49</P_5B>
        <P_6>2020-10-15</P_6>
        <P_13_1>406.51</P_13_1>
        <P_14_1>186.99</P_14_1>
        <P_15>214000.00</P_15>
        <P_16>false</P_16>
        <P_17>false</P_17>
        <P_18>false</P_18>
        <P_18A>false</P_18A>
        <P_19>false</P_19>
        <P_20>false</P_20>
        <P_21>false</P_21>
        <P_22>false</P_22>
        <P_23>false</P_23>
        <P_106E_2>false</P_106E_2>
        <P_106E_3>false</P_106E_3>
    </Faktura>
    <Faktura>
        <KodWaluty>PLN</KodWaluty>
        <P_1>2020-10-15</P_1>
        <P_2A>3-15/10/2020</P_2A>
        <P_3A>Firma2</P_3A>
        <P_3B>Firma2-ADDRESS</P_3B>
        <P_3C>Radio Maryja</P_3C>
        <P_3D>Ul. Zamkowa 1, 31 – 200 Kraków </P_3D>
        <P_4A>PL</P_4A>
        <P_4B>21374202137</P_4B>
        <P_5B>552-151-68-49</P_5B>
        <P_6>2020-10-15</P_6>
        <P_13_1>528.46</P_13_1>
        <P_14_1>243.09</P_14_1>
        <P_15>214000.00</P_15>
        <P_16>false</P_16>
        <P_17>false</P_17>
        <P_18>false</P_18>
        <P_18A>false</P_18A>
        <P_19>false</P_19>
        <P_20>false</P_20>
        <P_21>false</P_21>
        <P_22>false</P_22>
        <P_23>false</P_23>
        <P_106E_2>false</P_106E_2>
        <P_106E_3>false</P_106E_3>
    </Faktura>
    <Faktura>
        <KodWaluty>PLN</KodWaluty>
        <P_1>2020-10-15</P_1>
        <P_2A>3-15/10/2020</P_2A>
        <P_3A>Firma2</P_3A>
        <P_3B>Firma2-ADDRESS</P_3B>
        <P_3C>Radio Maryja</P_3C>
        <P_3D>Ul. Zamkowa 1, 31 – 200 Kraków </P_3D>
        <P_4A>PL</P_4A>
        <P_4B>21374202137</P_4B>
        <P_5B>552-151-68-49</P_5B>
        <P_6>2020-10-15</P_6>
        <P_13_1>2.90</P_13_1>
        <P_14_1>18.70</P_14_1>
        <P_15>214000.00</P_15>
        <P_16>false</P_16>
        <P_17>false</P_17>
        <P_18>false</P_18>
        <P_18A>false</P_18A>
        <P_19>false</P_19>
        <P_20>false</P_20>
        <P_21>false</P_21>
        <P_22>false</P_22>
        <P_23>false</P_23>
        <P_106E_2>false</P_106E_2>
        <P_106E_3>false</P_106E_3>
    </Faktura>
    <Faktura>
        <KodWaluty>PLN</KodWaluty>
        <P_1>2020-10-15</P_1>
        <P_2A>3-15/10/2020</P_2A>
        <P_3A>Firma2</P_3A>
        <P_3B>Firma2-ADDRESS</P_3B>
        <P_3C>Radio Maryja</P_3C>
        <P_3D>Ul. Zamkowa 1, 31 – 200 Kraków </P_3D>
        <P_4A>PL</P_4A>
        <P_4B>21374202137</P_4B>
        <P_5B>552-151-68-49</P_5B>
        <P_6>2020-10-15</P_6>
        <P_13_1>3.39</P_13_1>
        <P_14_1>18.70</P_14_1>
        <P_15>214000.00</P_15>
        <P_16>false</P_16>
        <P_17>false</P_17>
        <P_18>false</P_18>
        <P_18A>false</P_18A>
        <P_19>false</P_19>
        <P_20>false</P_20>
        <P_21>false</P_21>
        <P_22>false</P_22>
        <P_23>false</P_23>
        <P_106E_2>false</P_106E_2>
        <P_106E_3>false</P_106E_3>
    </Faktura>
    <Faktura>
        <KodWaluty>PLN</KodWaluty>
        <P_1>2020-10-16</P_1>
        <P_2A>1-16/10/2020</P_2A>
        <P_3A>Firma2</P_3A>
        <P_3B>Firma2-ADDRESS</P_3B>
        <P_3C>Radio Maryja</P_3C>
        <P_3D>Ul. Zamkowa 1, 31 – 200 Kraków </P_3D>
        <P_4A>PL</P_4A>
        <P_4B>21374202137</P_4B>
        <P_5B>552-151-68-49</P_5B>
        <P_6>2020-10-16</P_6>
        <P_13_1>1268.29</P_13_1>
        <P_14_1>291.71</P_14_1>
        <P_15>1560.00</P_15>
        <P_16>false</P_16>
        <P_17>false</P_17>
        <P_18>false</P_18>
        <P_18A>false</P_18A>
        <P_19>false</P_19>
        <P_20>false</P_20>
        <P_21>false</P_21>
        <P_22>false</P_22>
        <P_23>false</P_23>
        <P_106E_2>false</P_106E_2>
        <P_106E_3>false</P_106E_3>
    </Faktura>
    <Faktura>
        <KodWaluty>PLN</KodWaluty>
        <P_1>2020-11-05</P_1>
        <P_2A>1-05/11/2020</P_2A>
        <P_3A>Firma9 SP. Z O.O.</P_3A>
        <P_3B>Firma9 SP. Z O.O.-ADDRESS</P_3B>
        <P_3C>Radio Maryja</P_3C>
        <P_3D>ul. Dobra 28, 00-344 Warszawa</P_3D>
        <P_4A>PL</P_4A>
        <P_4B>21374202137</P_4B>
        <P_5B>118-16-48-603</P_5B>
        <P_6>2020-10-30</P_6>
        <P_13_1>13000.00</P_13_1>
        <P_14_1>2990.00</P_14_1>
        <P_15>15990.00</P_15>
        <P_16>false</P_16>
        <P_17>false</P_17>
        <P_18>false</P_18>
        <P_18A>false</P_18A>
        <P_19>false</P_19>
        <P_20>false</P_20>
        <P_21>false</P_21>
        <P_22>false</P_22>
        <P_23>false</P_23>
        <P_106E_2>false</P_106E_2>
        <P_106E_3>false</P_106E_3>
    </Faktura>
    <Faktura>
        <KodWaluty>PLN</KodWaluty>
        <P_1>2020-11-05</P_1>
        <P_2A>2-05/11/2020</P_2A>
        <P_3A>Firma3 sp. z o.o.</P_3A>
        <P_3B>Firma3 sp. z o.o.-ADDRESS</P_3B>
        <P_3C>Radio Maryja</P_3C>
        <P_3D>ul. Krkusowa 12, 30-123 Kraków</P_3D>
        <P_4A>PL</P_4A>
        <P_4B>21374202137</P_4B>
        <P_5B>675-152-93-71</P_5B>
        <P_6>2020-10-30</P_6>
        <P_13_1>3909.38</P_13_1>
        <P_14_1>899.16</P_14_1>
        <P_15>4808.54</P_15>
        <P_16>false</P_16>
        <P_17>false</P_17>
        <P_18>false</P_18>
        <P_18A>false</P_18A>
        <P_19>false</P_19>
        <P_20>false</P_20>
        <P_21>false</P_21>
        <P_22>false</P_22>
        <P_23>false</P_23>
        <P_106E_2>false</P_106E_2>
        <P_106E_3>false</P_106E_3>
    </Faktura>
    <Faktura>
        <KodWaluty>PLN</KodWaluty>
        <P_1>2020-11-05</P_1>
        <P_2A>3-05/11/2020</P_2A>
        <P_3A>Firma4</P_3A>
        <P_3B>Firma4-ADDRESS</P_3B>
        <P_3C>Radio Maryja</P_3C>
        <P_3D>ul. MICKIEWICZA 1/5, 33-100 TARNÓW</P_3D>
        <P_4A>PL</P_4A>
        <P_4B>21374202137</P_4B>
        <P_5B>873-171-75-73</P_5B>
        <P_6>2020-10-30</P_6>
        <P_13_1>280.00</P_13_1>
        <P_14_1>4057.20</P_14_1>
        <P_15>21697.20</P_15>
        <P_16>false</P_16>
        <P_17>false</P_17>
        <P_18>false</P_18>
        <P_18A>false</P_18A>
        <P_19>false</P_19>
        <P_20>false</P_20>
        <P_21>false</P_21>
        <P_22>false</P_22>
        <P_23>false</P_23>
        <P_106E_2>false</P_106E_2>
        <P_106E_3>false</P_106E_3>
    </Faktura>
    <Faktura>
        <KodWaluty>PLN</KodWaluty>
        <P_1>2020-11-09</P_1>
        <P_2A>1-09/11/2020</P_2A>
        <P_3A>Firma3 sp. z o.o.</P_3A>
        <P_3B>Firma3 sp. z o.o.-ADDRESS</P_3B>
        <P_3C>Radio Maryja</P_3C>
        <P_3D>ul. Krkusowa 12, 30-123 Kraków</P_3D>
        <P_4A>PL</P_4A>
        <P_4B>21374202137</P_4B>
        <P_5B>675-152-93-71</P_5B>
        <P_6>2020-10-30</P_6>
        <P_13_1>1250.00</P_13_1>
        <P_14_1>22895.78</P_14_1>
        <P_15>138235.86</P_15>
        <P_16>false</P_16>
        <P_17>false</P_17>
        <P_18>false</P_18>
        <P_18A>false</P_18A>
        <P_19>false</P_19>
        <P_20>false</P_20>
        <P_21>false</P_21>
        <P_22>false</P_22>
        <P_23>false</P_23>
        <P_106E_2>false</P_106E_2>
        <P_106E_3>false</P_106E_3>
    </Faktura>
    <Faktura>
        <KodWaluty>PLN</KodWaluty>
        <P_1>2020-11-09</P_1>
        <P_2A>1-09/11/2020</P_2A>
        <P_3A>Firma3 sp. z o.o.</P_3A>
        <P_3B>Firma3 sp. z o.o.-ADDRESS</P_3B>
        <P_3C>Radio Maryja</P_3C>
        <P_3D>ul. Krkusowa 12, 30-123 Kraków</P_3D>
        <P_4A>PL</P_4A>
        <P_4B>21374202137</P_4B>
        <P_5B>675-152-93-71</P_5B>
        <P_6>2020-10-30</P_6>
        <P_13_1>7840.00</P_13_1>
        <P_14_1>1803.20</P_14_1>
        <P_15>138235.86</P_15>
        <P_16>false</P_16>
        <P_17>false</P_17>
        <P_18>false</P_18>
        <P_18A>false</P_18A>
        <P_19>false</P_19>
        <P_20>false</P_20>
        <P_21>false</P_21>
        <P_22>false</P_22>
        <P_23>false</P_23>
        <P_106E_2>false</P_106E_2>
        <P_106E_3>false</P_106E_3>
    </Faktura>
    <Faktura>
        <KodWaluty>PLN</KodWaluty>
        <P_1>2020-11-09</P_1>
        <P_2A>1-09/11/2020</P_2A>
        <P_3A>Firma3 sp. z o.o.</P_3A>
        <P_3B>Firma3 sp. z o.o.-ADDRESS</P_3B>
        <P_3C>Radio Maryja</P_3C>
        <P_3D>ul. Krkusowa 12, 30-123 Kraków</P_3D>
        <P_4A>PL</P_4A>
        <P_4B>21374202137</P_4B>
        <P_5B>675-152-93-71</P_5B>
        <P_6>2020-10-30</P_6>
        <P_13_1>1250.00</P_13_1>
        <P_14_1>1150.00</P_14_1>
        <P_15>138235.86</P_15>
        <P_16>false</P_16>
        <P_17>false</P_17>
        <P_18>false</P_18>
        <P_18A>false</P_18A>
        <P_19>false</P_19>
        <P_20>false</P_20>
        <P_21>false</P_21>
        <P_22>false</P_22>
        <P_23>false</P_23>
        <P_106E_2>false</P_106E_2>
        <P_106E_3>false</P_106E_3>
    </Faktura>
    <Faktura>
        <KodWaluty>PLN</KodWaluty>
        <P_1>2020-11-09</P_1>
        <P_2A>2-09/11/2020</P_2A>
        <P_3A>Firma3 sp. z o.o.</P_3A>
        <P_3B>Firma3 sp. z o.o.-ADDRESS</P_3B>
        <P_3C>Radio Maryja</P_3C>
        <P_3D>ul. Krkusowa 12, 30-123 Kraków</P_3D>
        <P_4A>PL</P_4A>
        <P_4B>21374202137</P_4B>
        <P_5B>675-152-93-71</P_5B>
        <P_6>2020-10-30</P_6>
        <P_13_1>1250.00</P_13_1>
        <P_14_1>3503.91</P_14_1>
        <P_15>28732.04</P_15>
        <P_16>false</P_16>
        <P_17>false</P_17>
        <P_18>false</P_18>
        <P_18A>false</P_18A>
        <P_19>false</P_19>
        <P_20>false</P_20>
        <P_21>false</P_21>
        <P_22>false</P_22>
        <P_23>false</P_23>
        <P_106E_2>false</P_106E_2>
        <P_106E_3>false</P_106E_3>
    </Faktura>
    <Faktura>
        <KodWaluty>PLN</KodWaluty>
        <P_1>2020-11-09</P_1>
        <P_2A>2-09/11/2020</P_2A>
        <P_3A>Firma3 sp. z o.o.</P_3A>
        <P_3B>Firma3 sp. z o.o.-ADDRESS</P_3B>
        <P_3C>Radio Maryja</P_3C>
        <P_3D>ul. Krkusowa 12, 30-123 Kraków</P_3D>
        <P_4A>PL</P_4A>
        <P_4B>21374202137</P_4B>
        <P_5B>675-152-93-71</P_5B>
        <P_6>2020-10-30</P_6>
        <P_13_1>1250.00</P_13_1>
        <P_14_1>1868.75</P_14_1>
        <P_15>28732.04</P_15>
        <P_16>false</P_16>
        <P_17>false</P_17>
        <P_18>false</P_18>
        <P_18A>false</P_18A>
        <P_19>false</P_19>
        <P_20>false</P_20>
        <P_21>false</P_21>
        <P_22>false</P_22>
        <P_23>false</P_23>
        <P_106E_2>false</P_106E_2>
        <P_106E_3>false</P_106E_3>
    </Faktura>
    <Faktura>
        <KodWaluty>PLN</KodWaluty>
        <P_1>2020-11-12</P_1>
        <P_2A>1-12/11/2020</P_2A>
        <P_3A>Firma3 sp. z o.o.</P_3A>
        <P_3B>Firma3 sp. z o.o.-ADDRESS</P_3B>
        <P_3C>Radio Maryja</P_3C>
        <P_3D>ul. Krkusowa 12, 30-123 Kraków</P_3D>
        <P_4A>PL</P_4A>
        <P_4B>21374202137</P_4B>
        <P_5B>675-152-93-71</P_5B>
        <P_6>2020-11-12</P_6>
        <P_13_1>1250.00</P_13_1>
        <P_14_1>233.59</P_14_1>
        <P_15>1249.21</P_15>
        <P_16>false</P_16>
        <P_17>false</P_17>
        <P_18>false</P_18>
        <P_18A>false</P_18A>
        <P_19>false</P_19>
        <P_20>false</P_20>
        <P_21>false</P_21>
        <P_22>false</P_22>
        <P_23>false</P_23>
        <P_106E_2>false</P_106E_2>
        <P_106E_3>false</P_106E_3>
    </Faktura>
    <Faktura>
        <KodWaluty>PLN</KodWaluty>
        <P_1>2020-11-10</P_1>
        <P_2A>1-10/11/2020</P_2A>
        <P_3A>Firma8 Sp. z o.o. sp.k.</P_3A>
        <P_3B>Firma8 Sp. z o.o. sp.k.-ADDRESS</P_3B>
        <P_3C>Radio Maryja</P_3C>
        <P_3D>ul. Krkusowa 12, 30-123 Kraków</P_3D>
        <P_4A>PL</P_4A>
        <P_4B>21374202137</P_4B>
        <P_5B>677-00-46-633</P_5B>
        <P_6>2020-10-30</P_6>
        <P_13_1>1250.00</P_13_1>
        <P_14_1>7611.56</P_14_1>
        <P_15>40705.31</P_15>
        <P_16>false</P_16>
        <P_17>false</P_17>
        <P_18>false</P_18>
        <P_18A>false</P_18A>
        <P_19>false</P_19>
        <P_20>false</P_20>
        <P_21>false</P_21>
        <P_22>false</P_22>
        <P_23>false</P_23>
        <P_106E_2>false</P_106E_2>
        <P_106E_3>false</P_106E_3>
    </Faktura>
    <Faktura>
        <KodWaluty>PLN</KodWaluty>
        <P_1>2020-11-10</P_1>
        <P_2A>2-10/11/2020</P_2A>
        <P_3A>Firma5 SP. Z O.O.</P_3A>
        <P_3B>Firma5 SP. Z O.O.-ADDRESS</P_3B>
        <P_3C>Radio Maryja</P_3C>
        <P_3D>UL. FELIKSA RADWAŃSKIEGO 15/1, 30-065 KRAKÓW</P_3D>
        <P_4A>PL</P_4A>
        <P_4B>21374202137</P_4B>
        <P_5B>634-27-26-447</P_5B>
        <P_6>2020-11-10</P_6>
        <P_13_1>3000.00</P_13_1>
        <P_14_1>690.00</P_14_1>
        <P_15>3690.00</P_15>
        <P_16>false</P_16>
        <P_17>false</P_17>
        <P_18>false</P_18>
        <P_18A>false</P_18A>
        <P_19>false</P_19>
        <P_20>false</P_20>
        <P_21>false</P_21>
        <P_22>false</P_22>
        <P_23>false</P_23>
        <P_106E_2>false</P_106E_2>
        <P_106E_3>false</P_106E_3>
    </Faktura>
    <Faktura>
        <KodWaluty>PLN</KodWaluty>
        <P_1>2020-11-10</P_1>
        <P_2A>3-10/11/2020</P_2A>
        <P_3A>Firma6 SP. Z O.O.</P_3A>
        <P_3B>Firma6 SP. Z O.O.-ADDRESS</P_3B>
        <P_3C>Radio Maryja</P_3C>
        <P_3D>UL. FELIKSA RADWAŃSKIEGO 15/1, 30-065 KRAKÓW</P_3D>
        <P_4A>PL</P_4A>
        <P_4B>21374202137</P_4B>
        <P_5B>676-247-94-12</P_5B>
        <P_6>2020-11-10</P_6>
        <P_13_1>7000.00</P_13_1>
        <P_14_1>1610.00</P_14_1>
        <P_15>8610.00</P_15>
        <P_16>false</P_16>
        <P_17>false</P_17>
        <P_18>false</P_18>
        <P_18A>false</P_18A>
        <P_19>false</P_19>
        <P_20>false</P_20>
        <P_21>false</P_21>
        <P_22>false</P_22>
        <P_23>false</P_23>
        <P_106E_2>false</P_106E_2>
        <P_106E_3>false</P_106E_3>
    </Faktura>
    <Faktura>
        <KodWaluty>PLN</KodWaluty>
        <P_1>2020-11-13</P_1>
        <P_2A>1-13/11/2020</P_2A>
        <P_3A>Firma4</P_3A>
        <P_3B>Firma4-ADDRESS</P_3B>
        <P_3C>Radio Maryja</P_3C>
        <P_3D>ul. MICKIEWICZA 1/5, 33-100 TARNÓW</P_3D>
        <P_4A>PL</P_4A>
        <P_4B>21374202137</P_4B>
        <P_5B>873-171-75-73</P_5B>
        <P_6>2020-10-30</P_6>
        <P_13_1>7.50</P_13_1>
        <P_14_1>815.81</P_14_1>
        <P_15>4362.81</P_15>
        <P_16>false</P_16>
        <P_17>false</P_17>
        <P_18>false</P_18>
        <P_18A>false</P_18A>
        <P_19>false</P_19>
        <P_20>false</P_20>
        <P_21>false</P_21>
        <P_22>false</P_22>
        <P_23>false</P_23>
        <P_106E_2>false</P_106E_2>
        <P_106E_3>false</P_106E_3>
    </Faktura>
    <Faktura>
        <KodWaluty>PLN</KodWaluty>
        <P_1>2020-11-17</P_1>
        <P_2A>1-17/11/2020</P_2A>
        <P_3A>Firma2</P_3A>
        <P_3B>Firma2-ADDRESS</P_3B>
        <P_3C>Radio Maryja</P_3C>
        <P_3D>Ul. Zamkowa 1, 31 – 200 Kraków </P_3D>
        <P_4A>PL</P_4A>
        <P_4B>21374202137</P_4B>
        <P_5B>552-151-68-49</P_5B>
        <P_6>2020-11-17</P_6>
        <P_13_1>1593.50</P_13_1>
        <P_14_1>366.50</P_14_1>
        <P_15>1960.00</P_15>
        <P_16>false</P_16>
        <P_17>false</P_17>
        <P_18>false</P_18>
        <P_18A>false</P_18A>
        <P_19>false</P_19>
        <P_20>false</P_20>
        <P_21>false</P_21>
        <P_22>false</P_22>
        <P_23>false</P_23>
        <P_106E_2>false</P_106E_2>
        <P_106E_3>false</P_106E_3>
    </Faktura>
    <Faktura>
        <KodWaluty>PLN</KodWaluty>
        <P_1>2020-11-25</P_1>
        <P_2A>1-25/11/2020</P_2A>
        <P_3A>Firma1 Sp. z o.o</P_3A>
        <P_3B>Firma1 Sp. z o.o-ADDRESS</P_3B>
        <P_3C>Radio Maryja</P_3C>
        <P_3D>AL. A. Mickiewicza 141, 31-127 Kraków</P_3D>
        <P_4A>PL</P_4A>
        <P_4B>21374202137</P_4B>
        <P_5B>113-29-95-753 </P_5B>
        <P_6>2020-10-30</P_6>
        <P_13_1>1000.00</P_13_1>
        <P_14_1>2058.79</P_14_1>
        <P_15>41856.90</P_15>
        <P_16>false</P_16>
        <P_17>false</P_17>
        <P_18>false</P_18>
        <P_18A>false</P_18A>
        <P_19>false</P_19>
        <P_20>false</P_20>
        <P_21>false</P_21>
        <P_22>false</P_22>
        <P_23>false</P_23>
        <P_106E_2>false</P_106E_2>
        <P_106E_3>false</P_106E_3>
    </Faktura>
    <Faktura>
        <KodWaluty>PLN</KodWaluty>
        <P_1>2020-11-25</P_1>
        <P_2A>1-25/11/2020</P_2A>
        <P_3A>Firma1 Sp. z o.o</P_3A>
        <P_3B>Firma1 Sp. z o.o-ADDRESS</P_3B>
        <P_3C>Radio Maryja</P_3C>
        <P_3D>AL. A. Mickiewicza 141, 31-127 Kraków</P_3D>
        <P_4A>PL</P_4A>
        <P_4B>21374202137</P_4B>
        <P_5B>113-29-95-753 </P_5B>
        <P_6>2020-10-30</P_6>
        <P_13_1>1000.00</P_13_1>
        <P_14_1>786.03</P_14_1>
        <P_15>41856.90</P_15>
        <P_16>false</P_16>
        <P_17>false</P_17>
        <P_18>false</P_18>
        <P_18A>false</P_18A>
        <P_19>false</P_19>
        <P_20>false</P_20>
        <P_21>false</P_21>
        <P_22>false</P_22>
        <P_23>false</P_23>
        <P_106E_2>false</P_106E_2>
        <P_106E_3>false</P_106E_3>
    </Faktura>
    <Faktura>
        <KodWaluty>PLN</KodWaluty>
        <P_1>2020-11-25</P_1>
        <P_2A>1-25/11/2020</P_2A>
        <P_3A>Firma1 Sp. z o.o</P_3A>
        <P_3B>Firma1 Sp. z o.o-ADDRESS</P_3B>
        <P_3C>Radio Maryja</P_3C>
        <P_3D>AL. A. Mickiewicza 141, 31-127 Kraków</P_3D>
        <P_4A>PL</P_4A>
        <P_4B>21374202137</P_4B>
        <P_5B>113-29-95-753 </P_5B>
        <P_6>2020-10-30</P_6>
        <P_13_1>1000.00</P_13_1>
        <P_14_1>3349.38</P_14_1>
        <P_15>41856.90</P_15>
        <P_16>false</P_16>
        <P_17>false</P_17>
        <P_18>false</P_18>
        <P_18A>false</P_18A>
        <P_19>false</P_19>
        <P_20>false</P_20>
        <P_21>false</P_21>
        <P_22>false</P_22>
        <P_23>false</P_23>
        <P_106E_2>false</P_106E_2>
        <P_106E_3>false</P_106E_3>
    </Faktura>
    <Faktura>
        <KodWaluty>PLN</KodWaluty>
        <P_1>2020-11-25</P_1>
        <P_2A>1-25/11/2020</P_2A>
        <P_3A>Firma1 Sp. z o.o</P_3A>
        <P_3B>Firma1 Sp. z o.o-ADDRESS</P_3B>
        <P_3C>Radio Maryja</P_3C>
        <P_3D>AL. A. Mickiewicza 141, 31-127 Kraków</P_3D>
        <P_4A>PL</P_4A>
        <P_4B>21374202137</P_4B>
        <P_5B>113-29-95-753 </P_5B>
        <P_6>2020-10-30</P_6>
        <P_13_1>1000.00</P_13_1>
        <P_14_1>416.88</P_14_1>
        <P_15>41856.90</P_15>
        <P_16>false</P_16>
        <P_17>false</P_17>
        <P_18>false</P_18>
        <P_18A>false</P_18A>
        <P_19>false</P_19>
        <P_20>false</P_20>
        <P_21>false</P_21>
        <P_22>false</P_22>
        <P_23>false</P_23>
        <P_106E_2>false</P_106E_2>
        <P_106E_3>false</P_106E_3>
    </Faktura>
    <Faktura>
        <KodWaluty>PLN</KodWaluty>
        <P_1>2020-11-25</P_1>
        <P_2A>1-25/11/2020</P_2A>
        <P_3A>Firma1 Sp. z o.o</P_3A>
        <P_3B>Firma1 Sp. z o.o-ADDRESS</P_3B>
        <P_3C>Radio Maryja</P_3C>
        <P_3D>AL. A. Mickiewicza 141, 31-127 Kraków</P_3D>
        <P_4A>PL</P_4A>
        <P_4B>21374202137</P_4B>
        <P_5B>113-29-95-753 </P_5B>
        <P_6>2020-10-30</P_6>
        <P_13_1>1000.00</P_13_1>
        <P_14_1>129.38</P_14_1>
        <P_15>41856.90</P_15>
        <P_16>false</P_16>
        <P_17>false</P_17>
        <P_18>false</P_18>
        <P_18A>false</P_18A>
        <P_19>false</P_19>
        <P_20>false</P_20>
        <P_21>false</P_21>
        <P_22>false</P_22>
        <P_23>false</P_23>
        <P_106E_2>false</P_106E_2>
        <P_106E_3>false</P_106E_3>
    </Faktura>
    <Faktura>
        <KodWaluty>PLN</KodWaluty>
        <P_1>2020-11-25</P_1>
        <P_2A>1-25/11/2020</P_2A>
        <P_3A>Firma1 Sp. z o.o</P_3A>
        <P_3B>Firma1 Sp. z o.o-ADDRESS</P_3B>
        <P_3C>Radio Maryja</P_3C>
        <P_3D>AL. A. Mickiewicza 141, 31-127 Kraków</P_3D>
        <P_4A>PL</P_4A>
        <P_4B>21374202137</P_4B>
        <P_5B>113-29-95-753 </P_5B>
        <P_6>2020-10-30</P_6>
        <P_13_1>1000.00</P_13_1>
        <P_14_1>280.31</P_14_1>
        <P_15>41856.90</P_15>
        <P_16>false</P_16>
        <P_17>false</P_17>
        <P_18>false</P_18>
        <P_18A>false</P_18A>
        <P_19>false</P_19>
        <P_20>false</P_20>
        <P_21>false</P_21>
        <P_22>false</P_22>
        <P_23>false</P_23>
        <P_106E_2>false</P_106E_2>
        <P_106E_3>false</P_106E_3>
    </Faktura>
    <Faktura>
        <KodWaluty>PLN</KodWaluty>
        <P_1>2020-11-25</P_1>
        <P_2A>1-25/11/2020</P_2A>
        <P_3A>Firma1 Sp. z o.o</P_3A>
        <P_3B>Firma1 Sp. z o.o-ADDRESS</P_3B>
        <P_3C>Radio Maryja</P_3C>
        <P_3D>AL. A. Mickiewicza 141, 31-127 Kraków</P_3D>
        <P_4A>PL</P_4A>
        <P_4B>21374202137</P_4B>
        <P_5B>113-29-95-753 </P_5B>
        <P_6>2020-10-30</P_6>
        <P_13_1>1000.00</P_13_1>
        <P_14_1>47.44</P_14_1>
        <P_15>41856.90</P_15>
        <P_16>false</P_16>
        <P_17>false</P_17>
        <P_18>false</P_18>
        <P_18A>false</P_18A>
        <P_19>false</P_19>
        <P_20>false</P_20>
        <P_21>false</P_21>
        <P_22>false</P_22>
        <P_23>false</P_23>
        <P_106E_2>false</P_106E_2>
        <P_106E_3>false</P_106E_3>
    </Faktura>
    <Faktura>
        <KodWaluty>PLN</KodWaluty>
        <P_1>2020-11-25</P_1>
        <P_2A>1-25/11/2020</P_2A>
        <P_3A>Firma1 Sp. z o.o</P_3A>
        <P_3B>Firma1 Sp. z o.o-ADDRESS</P_3B>
        <P_3C>Radio Maryja</P_3C>
        <P_3D>AL. A. Mickiewicza 141, 31-127 Kraków</P_3D>
        <P_4A>PL</P_4A>
        <P_4B>21374202137</P_4B>
        <P_5B>113-29-95-753 </P_5B>
        <P_6>2020-10-30</P_6>
        <P_13_1>1000.00</P_13_1>
        <P_14_1>758.71</P_14_1>
        <P_15>41856.90</P_15>
        <P_16>false</P_16>
        <P_17>false</P_17>
        <P_18>false</P_18>
        <P_18A>false</P_18A>
        <P_19>false</P_19>
        <P_20>false</P_20>
        <P_21>false</P_21>
        <P_22>false</P_22>
        <P_23>false</P_23>
        <P_106E_2>false</P_106E_2>
        <P_106E_3>false</P_106E_3>
    </Faktura>
    <Faktura>
        <KodWaluty>PLN</KodWaluty>
        <P_1>2020-11-25</P_1>
        <P_2A>2-25/11/2020</P_2A>
        <P_3A>Firma1 Sp. z o.o</P_3A>
        <P_3B>Firma1 Sp. z o.o-ADDRESS</P_3B>
        <P_3C>Radio Maryja</P_3C>
        <P_3D>AL. A. Mickiewicza 141, 31-127 Kraków</P_3D>
        <P_4A>PL</P_4A>
        <P_4B>21374202137</P_4B>
        <P_5B>113-29-95-753 </P_5B>
        <P_6>2020-10-30</P_6>
        <P_13_1>1000.00</P_13_1>
        <P_14_1>2938.25</P_14_1>
        <P_15>15713.25</P_15>
        <P_16>false</P_16>
        <P_17>false</P_17>
        <P_18>false</P_18>
        <P_18A>false</P_18A>
        <P_19>false</P_19>
        <P_20>false</P_20>
        <P_21>false</P_21>
        <P_22>false</P_22>
        <P_23>false</P_23>
        <P_106E_2>false</P_106E_2>
        <P_106E_3>false</P_106E_3>
    </Faktura>
    <Faktura>
        <KodWaluty>PLN</KodWaluty>
        <P_1>2020-11-25</P_1>
        <P_2A>3-25/11/2020</P_2A>
        <P_3A>Firma1 Sp. z o.o</P_3A>
        <P_3B>Firma1 Sp. z o.o-ADDRESS</P_3B>
        <P_3C>Radio Maryja</P_3C>
        <P_3D>AL. A. Mickiewicza 141, 31-127 Kraków</P_3D>
        <P_4A>PL</P_4A>
        <P_4B>21374202137</P_4B>
        <P_5B>113-29-95-753 </P_5B>
        <P_6>2020-11-25</P_6>
        <P_13_1>1000.00</P_13_1>
        <P_14_1>4197.50</P_14_1>
        <P_15>105575.51</P_15>
        <P_16>false</P_16>
        <P_17>false</P_17>
        <P_18>false</P_18>
        <P_18A>false</P_18A>
        <P_19>false</P_19>
        <P_20>false</P_20>
        <P_21>false</P_21>
        <P_22>false</P_22>
        <P_23>false</P_23>
        <P_106E_2>false</P_106E_2>
        <P_106E_3>false</P_106E_3>
    </Faktura>
    <Faktura>
        <KodWaluty>PLN</KodWaluty>
        <P_1>2020-11-25</P_1>
        <P_2A>3-25/11/2020</P_2A>
        <P_3A>Firma1 Sp. z o.o</P_3A>
        <P_3B>Firma1 Sp. z o.o-ADDRESS</P_3B>
        <P_3C>Radio Maryja</P_3C>
        <P_3D>AL. A. Mickiewicza 141, 31-127 Kraków</P_3D>
        <P_4A>PL</P_4A>
        <P_4B>21374202137</P_4B>
        <P_5B>113-29-95-753 </P_5B>
        <P_6>2020-11-25</P_6>
        <P_13_1>1000.00</P_13_1>
        <P_14_1>575.00</P_14_1>
        <P_15>105575.51</P_15>
        <P_16>false</P_16>
        <P_17>false</P_17>
        <P_18>false</P_18>
        <P_18A>false</P_18A>
        <P_19>false</P_19>
        <P_20>false</P_20>
        <P_21>false</P_21>
        <P_22>false</P_22>
        <P_23>false</P_23>
        <P_106E_2>false</P_106E_2>
        <P_106E_3>false</P_106E_3>
    </Faktura>
    <Faktura>
        <KodWaluty>PLN</KodWaluty>
        <P_1>2020-11-25</P_1>
        <P_2A>3-25/11/2020</P_2A>
        <P_3A>Firma1 Sp. z o.o</P_3A>
        <P_3B>Firma1 Sp. z o.o-ADDRESS</P_3B>
        <P_3C>Radio Maryja</P_3C>
        <P_3D>AL. A. Mickiewicza 141, 31-127 Kraków</P_3D>
        <P_4A>PL</P_4A>
        <P_4B>21374202137</P_4B>
        <P_5B>113-29-95-753 </P_5B>
        <P_6>2020-11-25</P_6>
        <P_13_1>1000.00</P_13_1>
        <P_14_1>690.00</P_14_1>
        <P_15>105575.51</P_15>
        <P_16>false</P_16>
        <P_17>false</P_17>
        <P_18>false</P_18>
        <P_18A>false</P_18A>
        <P_19>false</P_19>
        <P_20>false</P_20>
        <P_21>false</P_21>
        <P_22>false</P_22>
        <P_23>false</P_23>
        <P_106E_2>false</P_106E_2>
        <P_106E_3>false</P_106E_3>
    </Faktura>
    <Faktura>
        <KodWaluty>PLN</KodWaluty>
        <P_1>2020-11-25</P_1>
        <P_2A>3-25/11/2020</P_2A>
        <P_3A>Firma1 Sp. z o.o</P_3A>
        <P_3B>Firma1 Sp. z o.o-ADDRESS</P_3B>
        <P_3C>Radio Maryja</P_3C>
        <P_3D>AL. A. Mickiewicza 141, 31-127 Kraków</P_3D>
        <P_4A>PL</P_4A>
        <P_4B>21374202137</P_4B>
        <P_5B>113-29-95-753 </P_5B>
        <P_6>2020-11-25</P_6>
        <P_13_1>1000.00</P_13_1>
        <P_14_1>460.00</P_14_1>
        <P_15>105575.51</P_15>
        <P_16>false</P_16>
        <P_17>false</P_17>
        <P_18>false</P_18>
        <P_18A>false</P_18A>
        <P_19>false</P_19>
        <P_20>false</P_20>
        <P_21>false</P_21>
        <P_22>false</P_22>
        <P_23>false</P_23>
        <P_106E_2>false</P_106E_2>
        <P_106E_3>false</P_106E_3>
    </Faktura>
    <Faktura>
        <KodWaluty>PLN</KodWaluty>
        <P_1>2020-11-25</P_1>
        <P_2A>3-25/11/2020</P_2A>
        <P_3A>Firma1 Sp. z o.o</P_3A>
        <P_3B>Firma1 Sp. z o.o-ADDRESS</P_3B>
        <P_3C>Radio Maryja</P_3C>
        <P_3D>AL. A. Mickiewicza 141, 31-127 Kraków</P_3D>
        <P_4A>PL</P_4A>
        <P_4B>21374202137</P_4B>
        <P_5B>113-29-95-753 </P_5B>
        <P_6>2020-11-25</P_6>
        <P_13_1>1000.00</P_13_1>
        <P_14_1>6718.88</P_14_1>
        <P_15>105575.51</P_15>
        <P_16>false</P_16>
        <P_17>false</P_17>
        <P_18>false</P_18>
        <P_18A>false</P_18A>
        <P_19>false</P_19>
        <P_20>false</P_20>
        <P_21>false</P_21>
        <P_22>false</P_22>
        <P_23>false</P_23>
        <P_106E_2>false</P_106E_2>
        <P_106E_3>false</P_106E_3>
    </Faktura>
    <Faktura>
        <KodWaluty>PLN</KodWaluty>
        <P_1>2020-11-25</P_1>
        <P_2A>3-25/11/2020</P_2A>
        <P_3A>Firma1 Sp. z o.o</P_3A>
        <P_3B>Firma1 Sp. z o.o-ADDRESS</P_3B>
        <P_3C>Radio Maryja</P_3C>
        <P_3D>AL. A. Mickiewicza 141, 31-127 Kraków</P_3D>
        <P_4A>PL</P_4A>
        <P_4B>21374202137</P_4B>
        <P_5B>113-29-95-753 </P_5B>
        <P_6>2020-11-25</P_6>
        <P_13_1>1000.00</P_13_1>
        <P_14_1>7100.39</P_14_1>
        <P_15>105575.51</P_15>
        <P_16>false</P_16>
        <P_17>false</P_17>
        <P_18>false</P_18>
        <P_18A>false</P_18A>
        <P_19>false</P_19>
        <P_20>false</P_20>
        <P_21>false</P_21>
        <P_22>false</P_22>
        <P_23>false</P_23>
        <P_106E_2>false</P_106E_2>
        <P_106E_3>false</P_106E_3>
    </Faktura>
    <Faktura>
        <KodWaluty>PLN</KodWaluty>
        <P_1>2020-12-07</P_1>
        <P_2A>1-07/12/2020</P_2A>
        <P_3A>Firma9 SP. Z O.O.</P_3A>
        <P_3B>Firma9 SP. Z O.O.-ADDRESS</P_3B>
        <P_3C>Radio Maryja</P_3C>
        <P_3D>ul. Dobra 28, 00-344 Warszawa</P_3D>
        <P_4A>PL</P_4A>
        <P_4B>21374202137</P_4B>
        <P_5B>118-16-48-603</P_5B>
        <P_6>2020-11-30</P_6>
        <P_13_1>13000.00</P_13_1>
        <P_14_1>2990.00</P_14_1>
        <P_15>15990.00</P_15>
        <P_16>false</P_16>
        <P_17>false</P_17>
        <P_18>false</P_18>
        <P_18A>false</P_18A>
        <P_19>false</P_19>
        <P_20>false</P_20>
        <P_21>false</P_21>
        <P_22>false</P_22>
        <P_23>false</P_23>
        <P_106E_2>false</P_106E_2>
        <P_106E_3>false</P_106E_3>
    </Faktura>
    <Faktura>
        <KodWaluty>PLN</KodWaluty>
        <P_1>2020-12-07</P_1>
        <P_2A>2-07/12/2020</P_2A>
        <P_3A>Firma8 Sp. z o.o. sp.k.</P_3A>
        <P_3B>Firma8 Sp. z o.o. sp.k.-ADDRESS</P_3B>
        <P_3C>Radio Maryja</P_3C>
        <P_3D>ul. Krkusowa 12, 30-123 Kraków</P_3D>
        <P_4A>PL</P_4A>
        <P_4B>21374202137</P_4B>
        <P_5B>677-00-46-633</P_5B>
        <P_6>2020-11-30</P_6>
        <P_13_1>1250.00</P_13_1>
        <P_14_1>3584.77</P_14_1>
        <P_15>19170.71</P_15>
        <P_16>false</P_16>
        <P_17>false</P_17>
        <P_18>false</P_18>
        <P_18A>false</P_18A>
        <P_19>false</P_19>
        <P_20>false</P_20>
        <P_21>false</P_21>
        <P_22>false</P_22>
        <P_23>false</P_23>
        <P_106E_2>false</P_106E_2>
        <P_106E_3>false</P_106E_3>
    </Faktura>
    <Faktura>
        <KodWaluty>PLN</KodWaluty>
        <P_1>2020-12-07</P_1>
        <P_2A>3-07/12/2020</P_2A>
        <P_3A>Firma4</P_3A>
        <P_3B>Firma4-ADDRESS</P_3B>
        <P_3C>Radio Maryja</P_3C>
        <P_3D>ul. MICKIEWICZA 1/5, 33-100 TARNÓW</P_3D>
        <P_4A>PL</P_4A>
        <P_4B>21374202137</P_4B>
        <P_5B>873-171-75-73</P_5B>
        <P_6>2020-11-30</P_6>
        <P_13_1>7.50</P_13_1>
        <P_14_1>926.10</P_14_1>
        <P_15>4952.60</P_15>
        <P_16>false</P_16>
        <P_17>false</P_17>
        <P_18>false</P_18>
        <P_18A>false</P_18A>
        <P_19>false</P_19>
        <P_20>false</P_20>
        <P_21>false</P_21>
        <P_22>false</P_22>
        <P_23>false</P_23>
        <P_106E_2>false</P_106E_2>
        <P_106E_3>false</P_106E_3>
    </Faktura>
    <Faktura>
        <KodWaluty>PLN</KodWaluty>
        <P_1>2020-12-07</P_1>
        <P_2A>4-07/12/2020</P_2A>
        <P_3A>Firma4</P_3A>
        <P_3B>Firma4-ADDRESS</P_3B>
        <P_3C>Radio Maryja</P_3C>
        <P_3D>ul. MICKIEWICZA 1/5, 33-100 TARNÓW</P_3D>
        <P_4A>PL</P_4A>
        <P_4B>21374202137</P_4B>
        <P_5B>873-171-75-73</P_5B>
        <P_6>2020-11-30</P_6>
        <P_13_1>280.00</P_13_1>
        <P_14_1>3348.80</P_14_1>
        <P_15>17908.80</P_15>
        <P_16>false</P_16>
        <P_17>false</P_17>
        <P_18>false</P_18>
        <P_18A>false</P_18A>
        <P_19>false</P_19>
        <P_20>false</P_20>
        <P_21>false</P_21>
        <P_22>false</P_22>
        <P_23>false</P_23>
        <P_106E_2>false</P_106E_2>
        <P_106E_3>false</P_106E_3>
    </Faktura>
    <Faktura>
        <KodWaluty>PLN</KodWaluty>
        <P_1>2020-12-07</P_1>
        <P_2A>5-07/12/2020</P_2A>
        <P_3A>Firma4</P_3A>
        <P_3B>Firma4-ADDRESS</P_3B>
        <P_3C>Radio Maryja</P_3C>
        <P_3D>ul. MICKIEWICZA 1/5, 33-100 TARNÓW</P_3D>
        <P_4A>PL</P_4A>
        <P_4B>21374202137</P_4B>
        <P_5B>873-171-75-73</P_5B>
        <P_6>2020-11-30</P_6>
        <P_13_1>280.00</P_13_1>
        <P_14_1>6440.00</P_14_1>
        <P_15>34440.00</P_15>
        <P_16>false</P_16>
        <P_17>false</P_17>
        <P_18>false</P_18>
        <P_18A>false</P_18A>
        <P_19>false</P_19>
        <P_20>false</P_20>
        <P_21>false</P_21>
        <P_22>false</P_22>
        <P_23>false</P_23>
        <P_106E_2>false</P_106E_2>
        <P_106E_3>false</P_106E_3>
    </Faktura>
    <Faktura>
        <KodWaluty>PLN</KodWaluty>
        <P_1>2020-12-07</P_1>
        <P_2A>6-07/12/2020</P_2A>
        <P_3A>Firma3 sp. z o.o.</P_3A>
        <P_3B>Firma3 sp. z o.o.-ADDRESS</P_3B>
        <P_3C>Radio Maryja</P_3C>
        <P_3D>ul. Krkusowa 12, 30-123 Kraków</P_3D>
        <P_4A>PL</P_4A>
        <P_4B>21374202137</P_4B>
        <P_5B>675-152-93-71</P_5B>
        <P_6>2020-11-30</P_6>
        <P_13_1>3090.63</P_13_1>
        <P_14_1>710.84</P_14_1>
        <P_15>3801.47</P_15>
        <P_16>false</P_16>
        <P_17>false</P_17>
        <P_18>false</P_18>
        <P_18A>false</P_18A>
        <P_19>false</P_19>
        <P_20>false</P_20>
        <P_21>false</P_21>
        <P_22>false</P_22>
        <P_23>false</P_23>
        <P_106E_2>false</P_106E_2>
        <P_106E_3>false</P_106E_3>
    </Faktura>
    <Faktura>
        <KodWaluty>PLN</KodWaluty>
        <P_1>2020-12-09</P_1>
        <P_2A>1-09/12/2020</P_2A>
        <P_3A>Firma3 sp. z o.o.</P_3A>
        <P_3B>Firma3 sp. z o.o.-ADDRESS</P_3B>
        <P_3C>Radio Maryja</P_3C>
        <P_3D>ul. Krkusowa 12, 30-123 Kraków</P_3D>
        <P_4A>PL</P_4A>
        <P_4B>21374202137</P_4B>
        <P_5B>675-152-93-71</P_5B>
        <P_6>2020-11-30</P_6>
        <P_13_1>1250.00</P_13_1>
        <P_14_1>21505.00</P_14_1>
        <P_15>130798.20</P_15>
        <P_16>false</P_16>
        <P_17>false</P_17>
        <P_18>false</P_18>
        <P_18A>false</P_18A>
        <P_19>false</P_19>
        <P_20>false</P_20>
        <P_21>false</P_21>
        <P_22>false</P_22>
        <P_23>false</P_23>
        <P_106E_2>false</P_106E_2>
        <P_106E_3>false</P_106E_3>
    </Faktura>
    <Faktura>
        <KodWaluty>PLN</KodWaluty>
        <P_1>2020-12-09</P_1>
        <P_2A>1-09/12/2020</P_2A>
        <P_3A>Firma3 sp. z o.o.</P_3A>
        <P_3B>Firma3 sp. z o.o.-ADDRESS</P_3B>
        <P_3C>Radio Maryja</P_3C>
        <P_3D>ul. Krkusowa 12, 30-123 Kraków</P_3D>
        <P_4A>PL</P_4A>
        <P_4B>21374202137</P_4B>
        <P_5B>675-152-93-71</P_5B>
        <P_6>2020-11-30</P_6>
        <P_13_1>7840.00</P_13_1>
        <P_14_1>1803.20</P_14_1>
        <P_15>130798.20</P_15>
        <P_16>false</P_16>
        <P_17>false</P_17>
        <P_18>false</P_18>
        <P_18A>false</P_18A>
        <P_19>false</P_19>
        <P_20>false</P_20>
        <P_21>false</P_21>
        <P_22>false</P_22>
        <P_23>false</P_23>
        <P_106E_2>false</P_106E_2>
        <P_106E_3>false</P_106E_3>
    </Faktura>
    <Faktura>
        <KodWaluty>PLN</KodWaluty>
        <P_1>2020-12-09</P_1>
        <P_2A>1-09/12/2020</P_2A>
        <P_3A>Firma3 sp. z o.o.</P_3A>
        <P_3B>Firma3 sp. z o.o.-ADDRESS</P_3B>
        <P_3C>Radio Maryja</P_3C>
        <P_3D>ul. Krkusowa 12, 30-123 Kraków</P_3D>
        <P_4A>PL</P_4A>
        <P_4B>21374202137</P_4B>
        <P_5B>675-152-93-71</P_5B>
        <P_6>2020-11-30</P_6>
        <P_13_1>1250.00</P_13_1>
        <P_14_1>1150.00</P_14_1>
        <P_15>130798.20</P_15>
        <P_16>false</P_16>
        <P_17>false</P_17>
        <P_18>false</P_18>
        <P_18A>false</P_18A>
        <P_19>false</P_19>
        <P_20>false</P_20>
        <P_21>false</P_21>
        <P_22>false</P_22>
        <P_23>false</P_23>
        <P_106E_2>false</P_106E_2>
        <P_106E_3>false</P_106E_3>
    </Faktura>
    <Faktura>
        <KodWaluty>PLN</KodWaluty>
        <P_1>2020-12-09</P_1>
        <P_2A>2-09/12/2020</P_2A>
        <P_3A>Firma3 sp. z o.o.</P_3A>
        <P_3B>Firma3 sp. z o.o.-ADDRESS</P_3B>
        <P_3C>Radio Maryja</P_3C>
        <P_3D>ul. Krkusowa 12, 30-123 Kraków</P_3D>
        <P_4A>PL</P_4A>
        <P_4B>21374202137</P_4B>
        <P_5B>675-152-93-71</P_5B>
        <P_6>2020-11-30</P_6>
        <P_13_1>1250.00</P_13_1>
        <P_14_1>1356.64</P_14_1>
        <P_15>8696.49</P_15>
        <P_16>false</P_16>
        <P_17>false</P_17>
        <P_18>false</P_18>
        <P_18A>false</P_18A>
        <P_19>false</P_19>
        <P_20>false</P_20>
        <P_21>false</P_21>
        <P_22>false</P_22>
        <P_23>false</P_23>
        <P_106E_2>false</P_106E_2>
        <P_106E_3>false</P_106E_3>
    </Faktura>
    <Faktura>
        <KodWaluty>PLN</KodWaluty>
        <P_1>2020-12-09</P_1>
        <P_2A>2-09/12/2020</P_2A>
        <P_3A>Firma3 sp. z o.o.</P_3A>
        <P_3B>Firma3 sp. z o.o.-ADDRESS</P_3B>
        <P_3C>Radio Maryja</P_3C>
        <P_3D>ul. Krkusowa 12, 30-123 Kraków</P_3D>
        <P_4A>PL</P_4A>
        <P_4B>21374202137</P_4B>
        <P_5B>675-152-93-71</P_5B>
        <P_6>2020-11-30</P_6>
        <P_13_1>1250.00</P_13_1>
        <P_14_1>269.53</P_14_1>
        <P_15>8696.49</P_15>
        <P_16>false</P_16>
        <P_17>false</P_17>
        <P_18>false</P_18>
        <P_18A>false</P_18A>
        <P_19>false</P_19>
        <P_20>false</P_20>
        <P_21>false</P_21>
        <P_22>false</P_22>
        <P_23>false</P_23>
        <P_106E_2>false</P_106E_2>
        <P_106E_3>false</P_106E_3>
    </Faktura>
    <Faktura>
        <KodWaluty>PLN</KodWaluty>
        <P_1>2020-12-10</P_1>
        <P_2A>1-10/12/2020</P_2A>
        <P_3A>Firma5 SP. Z O.O.</P_3A>
        <P_3B>Firma5 SP. Z O.O.-ADDRESS</P_3B>
        <P_3C>Radio Maryja</P_3C>
        <P_3D>UL. FELIKSA RADWAŃSKIEGO 15/1, 30-065 KRAKÓW</P_3D>
        <P_4A>PL</P_4A>
        <P_4B>21374202137</P_4B>
        <P_5B>634-27-26-447</P_5B>
        <P_6>2020-12-10</P_6>
        <P_13_1>3000.00</P_13_1>
        <P_14_1>690.00</P_14_1>
        <P_15>3690.00</P_15>
        <P_16>false</P_16>
        <P_17>false</P_17>
        <P_18>false</P_18>
        <P_18A>false</P_18A>
        <P_19>false</P_19>
        <P_20>false</P_20>
        <P_21>false</P_21>
        <P_22>false</P_22>
        <P_23>false</P_23>
        <P_106E_2>false</P_106E_2>
        <P_106E_3>false</P_106E_3>
    </Faktura>
    <Faktura>
        <KodWaluty>PLN</KodWaluty>
        <P_1>2020-12-10</P_1>
        <P_2A>2-10/12/2020</P_2A>
        <P_3A>Firma6 SP. Z O.O.</P_3A>
        <P_3B>Firma6 SP. Z O.O.-ADDRESS</P_3B>
        <P_3C>Radio Maryja</P_3C>
        <P_3D>UL. FELIKSA RADWAŃSKIEGO 15/1, 30-065 KRAKÓW</P_3D>
        <P_4A>PL</P_4A>
        <P_4B>21374202137</P_4B>
        <P_5B>676-247-94-12</P_5B>
        <P_6>2020-12-10</P_6>
        <P_13_1>7000.00</P_13_1>
        <P_14_1>1610.00</P_14_1>
        <P_15>8610.00</P_15>
        <P_16>false</P_16>
        <P_17>false</P_17>
        <P_18>false</P_18>
        <P_18A>false</P_18A>
        <P_19>false</P_19>
        <P_20>false</P_20>
        <P_21>false</P_21>
        <P_22>false</P_22>
        <P_23>false</P_23>
        <P_106E_2>false</P_106E_2>
        <P_106E_3>false</P_106E_3>
    </Faktura>
    <Faktura>
        <KodWaluty>PLN</KodWaluty>
        <P_1>2020-12-14</P_1>
        <P_2A>1-14/12/2020</P_2A>
        <P_3A>Firma1 Sp. z o.o</P_3A>
        <P_3B>Firma1 Sp. z o.o-ADDRESS</P_3B>
        <P_3C>Radio Maryja</P_3C>
        <P_3D>AL. A. Mickiewicza 141, 31-127 Kraków</P_3D>
        <P_4A>PL</P_4A>
        <P_4B>21374202137</P_4B>
        <P_5B>113-29-95-753 </P_5B>
        <P_6>2020-11-30</P_6>
        <P_13_1>1000.00</P_13_1>
        <P_14_1>914.25</P_14_1>
        <P_15>35571.60</P_15>
        <P_16>false</P_16>
        <P_17>false</P_17>
        <P_18>false</P_18>
        <P_18A>false</P_18A>
        <P_19>false</P_19>
        <P_20>false</P_20>
        <P_21>false</P_21>
        <P_22>false</P_22>
        <P_23>false</P_23>
        <P_106E_2>false</P_106E_2>
        <P_106E_3>false</P_106E_3>
    </Faktura>
    <Faktura>
        <KodWaluty>PLN</KodWaluty>
        <P_1>2020-12-14</P_1>
        <P_2A>1-14/12/2020</P_2A>
        <P_3A>Firma1 Sp. z o.o</P_3A>
        <P_3B>Firma1 Sp. z o.o-ADDRESS</P_3B>
        <P_3C>Radio Maryja</P_3C>
        <P_3D>AL. A. Mickiewicza 141, 31-127 Kraków</P_3D>
        <P_4A>PL</P_4A>
        <P_4B>21374202137</P_4B>
        <P_5B>113-29-95-753 </P_5B>
        <P_6>2020-11-30</P_6>
        <P_13_1>1000.00</P_13_1>
        <P_14_1>3695.24</P_14_1>
        <P_15>35571.60</P_15>
        <P_16>false</P_16>
        <P_17>false</P_17>
        <P_18>false</P_18>
        <P_18A>false</P_18A>
        <P_19>false</P_19>
        <P_20>false</P_20>
        <P_21>false</P_21>
        <P_22>false</P_22>
        <P_23>false</P_23>
        <P_106E_2>false</P_106E_2>
        <P_106E_3>false</P_106E_3>
    </Faktura>
    <Faktura>
        <KodWaluty>PLN</KodWaluty>
        <P_1>2020-12-14</P_1>
        <P_2A>1-14/12/2020</P_2A>
        <P_3A>Firma1 Sp. z o.o</P_3A>
        <P_3B>Firma1 Sp. z o.o-ADDRESS</P_3B>
        <P_3C>Radio Maryja</P_3C>
        <P_3D>AL. A. Mickiewicza 141, 31-127 Kraków</P_3D>
        <P_4A>PL</P_4A>
        <P_4B>21374202137</P_4B>
        <P_5B>113-29-95-753 </P_5B>
        <P_6>2020-11-30</P_6>
        <P_13_1>1000.00</P_13_1>
        <P_14_1>1309.56</P_14_1>
        <P_15>35571.60</P_15>
        <P_16>false</P_16>
        <P_17>false</P_17>
        <P_18>false</P_18>
        <P_18A>false</P_18A>
        <P_19>false</P_19>
        <P_20>false</P_20>
        <P_21>false</P_21>
        <P_22>false</P_22>
        <P_23>false</P_23>
        <P_106E_2>false</P_106E_2>
        <P_106E_3>false</P_106E_3>
    </Faktura>
    <Faktura>
        <KodWaluty>PLN</KodWaluty>
        <P_1>2020-12-14</P_1>
        <P_2A>1-14/12/2020</P_2A>
        <P_3A>Firma1 Sp. z o.o</P_3A>
        <P_3B>Firma1 Sp. z o.o-ADDRESS</P_3B>
        <P_3C>Radio Maryja</P_3C>
        <P_3D>AL. A. Mickiewicza 141, 31-127 Kraków</P_3D>
        <P_4A>PL</P_4A>
        <P_4B>21374202137</P_4B>
        <P_5B>113-29-95-753 </P_5B>
        <P_6>2020-11-30</P_6>
        <P_13_1>1000.00</P_13_1>
        <P_14_1>115.00</P_14_1>
        <P_15>35571.60</P_15>
        <P_16>false</P_16>
        <P_17>false</P_17>
        <P_18>false</P_18>
        <P_18A>false</P_18A>
        <P_19>false</P_19>
        <P_20>false</P_20>
        <P_21>false</P_21>
        <P_22>false</P_22>
        <P_23>false</P_23>
        <P_106E_2>false</P_106E_2>
        <P_106E_3>false</P_106E_3>
    </Faktura>
    <Faktura>
        <KodWaluty>PLN</KodWaluty>
        <P_1>2020-12-14</P_1>
        <P_2A>1-14/12/2020</P_2A>
        <P_3A>Firma1 Sp. z o.o</P_3A>
        <P_3B>Firma1 Sp. z o.o-ADDRESS</P_3B>
        <P_3C>Radio Maryja</P_3C>
        <P_3D>AL. A. Mickiewicza 141, 31-127 Kraków</P_3D>
        <P_4A>PL</P_4A>
        <P_4B>21374202137</P_4B>
        <P_5B>113-29-95-753 </P_5B>
        <P_6>2020-11-30</P_6>
        <P_13_1>1000.00</P_13_1>
        <P_14_1>100.63</P_14_1>
        <P_15>35571.60</P_15>
        <P_16>false</P_16>
        <P_17>false</P_17>
        <P_18>false</P_18>
        <P_18A>false</P_18A>
        <P_19>false</P_19>
        <P_20>false</P_20>
        <P_21>false</P_21>
        <P_22>false</P_22>
        <P_23>false</P_23>
        <P_106E_2>false</P_106E_2>
        <P_106E_3>false</P_106E_3>
    </Faktura>
    <Faktura>
        <KodWaluty>PLN</KodWaluty>
        <P_1>2020-12-14</P_1>
        <P_2A>1-14/12/2020</P_2A>
        <P_3A>Firma1 Sp. z o.o</P_3A>
        <P_3B>Firma1 Sp. z o.o-ADDRESS</P_3B>
        <P_3C>Radio Maryja</P_3C>
        <P_3D>AL. A. Mickiewicza 141, 31-127 Kraków</P_3D>
        <P_4A>PL</P_4A>
        <P_4B>21374202137</P_4B>
        <P_5B>113-29-95-753 </P_5B>
        <P_6>2020-11-30</P_6>
        <P_13_1>1000.00</P_13_1>
        <P_14_1>122.19</P_14_1>
        <P_15>35571.60</P_15>
        <P_16>false</P_16>
        <P_17>false</P_17>
        <P_18>false</P_18>
        <P_18A>false</P_18A>
        <P_19>false</P_19>
        <P_20>false</P_20>
        <P_21>false</P_21>
        <P_22>false</P_22>
        <P_23>false</P_23>
        <P_106E_2>false</P_106E_2>
        <P_106E_3>false</P_106E_3>
    </Faktura>
    <Faktura>
        <KodWaluty>PLN</KodWaluty>
        <P_1>2020-12-14</P_1>
        <P_2A>1-14/12/2020</P_2A>
        <P_3A>Firma1 Sp. z o.o</P_3A>
        <P_3B>Firma1 Sp. z o.o-ADDRESS</P_3B>
        <P_3C>Radio Maryja</P_3C>
        <P_3D>AL. A. Mickiewicza 141, 31-127 Kraków</P_3D>
        <P_4A>PL</P_4A>
        <P_4B>21374202137</P_4B>
        <P_5B>113-29-95-753 </P_5B>
        <P_6>2020-11-30</P_6>
        <P_13_1>1000.00</P_13_1>
        <P_14_1>7.19</P_14_1>
        <P_15>35571.60</P_15>
        <P_16>false</P_16>
        <P_17>false</P_17>
        <P_18>false</P_18>
        <P_18A>false</P_18A>
        <P_19>false</P_19>
        <P_20>false</P_20>
        <P_21>false</P_21>
        <P_22>false</P_22>
        <P_23>false</P_23>
        <P_106E_2>false</P_106E_2>
        <P_106E_3>false</P_106E_3>
    </Faktura>
    <Faktura>
        <KodWaluty>PLN</KodWaluty>
        <P_1>2020-12-14</P_1>
        <P_2A>1-14/12/2020</P_2A>
        <P_3A>Firma1 Sp. z o.o</P_3A>
        <P_3B>Firma1 Sp. z o.o-ADDRESS</P_3B>
        <P_3C>Radio Maryja</P_3C>
        <P_3D>AL. A. Mickiewicza 141, 31-127 Kraków</P_3D>
        <P_4A>PL</P_4A>
        <P_4B>21374202137</P_4B>
        <P_5B>113-29-95-753 </P_5B>
        <P_6>2020-11-30</P_6>
        <P_13_1>1000.00</P_13_1>
        <P_14_1>28.75</P_14_1>
        <P_15>35571.60</P_15>
        <P_16>false</P_16>
        <P_17>false</P_17>
        <P_18>false</P_18>
        <P_18A>false</P_18A>
        <P_19>false</P_19>
        <P_20>false</P_20>
        <P_21>false</P_21>
        <P_22>false</P_22>
        <P_23>false</P_23>
        <P_106E_2>false</P_106E_2>
        <P_106E_3>false</P_106E_3>
    </Faktura>
    <Faktura>
        <KodWaluty>PLN</KodWaluty>
        <P_1>2020-12-14</P_1>
        <P_2A>1-14/12/2020</P_2A>
        <P_3A>Firma1 Sp. z o.o</P_3A>
        <P_3B>Firma1 Sp. z o.o-ADDRESS</P_3B>
        <P_3C>Radio Maryja</P_3C>
        <P_3D>AL. A. Mickiewicza 141, 31-127 Kraków</P_3D>
        <P_4A>PL</P_4A>
        <P_4B>21374202137</P_4B>
        <P_5B>113-29-95-753 </P_5B>
        <P_6>2020-11-30</P_6>
        <P_13_1>1000.00</P_13_1>
        <P_14_1>358.80</P_14_1>
        <P_15>35571.60</P_15>
        <P_16>false</P_16>
        <P_17>false</P_17>
        <P_18>false</P_18>
        <P_18A>false</P_18A>
        <P_19>false</P_19>
        <P_20>false</P_20>
        <P_21>false</P_21>
        <P_22>false</P_22>
        <P_23>false</P_23>
        <P_106E_2>false</P_106E_2>
        <P_106E_3>false</P_106E_3>
    </Faktura>
    <Faktura>
        <KodWaluty>PLN</KodWaluty>
        <P_1>2020-12-14</P_1>
        <P_2A>2-14/12/2020</P_2A>
        <P_3A>Firma1 Sp. z o.o</P_3A>
        <P_3B>Firma1 Sp. z o.o-ADDRESS</P_3B>
        <P_3C>Radio Maryja</P_3C>
        <P_3D>AL. A. Mickiewicza 141, 31-127 Kraków</P_3D>
        <P_4A>PL</P_4A>
        <P_4B>21374202137</P_4B>
        <P_5B>113-29-95-753 </P_5B>
        <P_6>2020-11-30</P_6>
        <P_13_1>1000.00</P_13_1>
        <P_14_1>3115.06</P_14_1>
        <P_15>16658.81</P_15>
        <P_16>false</P_16>
        <P_17>false</P_17>
        <P_18>false</P_18>
        <P_18A>false</P_18A>
        <P_19>false</P_19>
        <P_20>false</P_20>
        <P_21>false</P_21>
        <P_22>false</P_22>
        <P_23>false</P_23>
        <P_106E_2>false</P_106E_2>
        <P_106E_3>false</P_106E_3>
    </Faktura>
    <Faktura>
        <KodWaluty>PLN</KodWaluty>
        <P_1>2020-12-14</P_1>
        <P_2A>3-14/12/2020</P_2A>
        <P_3A>Firma1 Sp. z o.o</P_3A>
        <P_3B>Firma1 Sp. z o.o-ADDRESS</P_3B>
        <P_3C>Radio Maryja</P_3C>
        <P_3D>AL. A. Mickiewicza 141, 31-127 Kraków</P_3D>
        <P_4A>PL</P_4A>
        <P_4B>21374202137</P_4B>
        <P_5B>113-29-95-753 </P_5B>
        <P_6>2020-12-14</P_6>
        <P_13_1>1000.00</P_13_1>
        <P_14_1>4370.00</P_14_1>
        <P_15>55465.31</P_15>
        <P_16>false</P_16>
        <P_17>false</P_17>
        <P_18>false</P_18>
        <P_18A>false</P_18A>
        <P_19>false</P_19>
        <P_20>false</P_20>
        <P_21>false</P_21>
        <P_22>false</P_22>
        <P_23>false</P_23>
        <P_106E_2>false</P_106E_2>
        <P_106E_3>false</P_106E_3>
    </Faktura>
    <Faktura>
        <KodWaluty>PLN</KodWaluty>
        <P_1>2020-12-14</P_1>
        <P_2A>3-14/12/2020</P_2A>
        <P_3A>Firma1 Sp. z o.o</P_3A>
        <P_3B>Firma1 Sp. z o.o-ADDRESS</P_3B>
        <P_3C>Radio Maryja</P_3C>
        <P_3D>AL. A. Mickiewicza 141, 31-127 Kraków</P_3D>
        <P_4A>PL</P_4A>
        <P_4B>21374202137</P_4B>
        <P_5B>113-29-95-753 </P_5B>
        <P_6>2020-12-14</P_6>
        <P_13_1>1000.00</P_13_1>
        <P_14_1>3450.00</P_14_1>
        <P_15>55465.31</P_15>
        <P_16>false</P_16>
        <P_17>false</P_17>
        <P_18>false</P_18>
        <P_18A>false</P_18A>
        <P_19>false</P_19>
        <P_20>false</P_20>
        <P_21>false</P_21>
        <P_22>false</P_22>
        <P_23>false</P_23>
        <P_106E_2>false</P_106E_2>
        <P_106E_3>false</P_106E_3>
    </Faktura>
    <Faktura>
        <KodWaluty>PLN</KodWaluty>
        <P_1>2020-12-14</P_1>
        <P_2A>3-14/12/2020</P_2A>
        <P_3A>Firma1 Sp. z o.o</P_3A>
        <P_3B>Firma1 Sp. z o.o-ADDRESS</P_3B>
        <P_3C>Radio Maryja</P_3C>
        <P_3D>AL. A. Mickiewicza 141, 31-127 Kraków</P_3D>
        <P_4A>PL</P_4A>
        <P_4B>21374202137</P_4B>
        <P_5B>113-29-95-753 </P_5B>
        <P_6>2020-12-14</P_6>
        <P_13_1>1000.00</P_13_1>
        <P_14_1>1092.50</P_14_1>
        <P_15>55465.31</P_15>
        <P_16>false</P_16>
        <P_17>false</P_17>
        <P_18>false</P_18>
        <P_18A>false</P_18A>
        <P_19>false</P_19>
        <P_20>false</P_20>
        <P_21>false</P_21>
        <P_22>false</P_22>
        <P_23>false</P_23>
        <P_106E_2>false</P_106E_2>
        <P_106E_3>false</P_106E_3>
    </Faktura>
    <Faktura>
        <KodWaluty>PLN</KodWaluty>
        <P_1>2020-12-14</P_1>
        <P_2A>3-14/12/2020</P_2A>
        <P_3A>Firma1 Sp. z o.o</P_3A>
        <P_3B>Firma1 Sp. z o.o-ADDRESS</P_3B>
        <P_3C>Radio Maryja</P_3C>
        <P_3D>AL. A. Mickiewicza 141, 31-127 Kraków</P_3D>
        <P_4A>PL</P_4A>
        <P_4B>21374202137</P_4B>
        <P_5B>113-29-95-753 </P_5B>
        <P_6>2020-12-14</P_6>
        <P_13_1>1000.00</P_13_1>
        <P_14_1>797.81</P_14_1>
        <P_15>55465.31</P_15>
        <P_16>false</P_16>
        <P_17>false</P_17>
        <P_18>false</P_18>
        <P_18A>false</P_18A>
        <P_19>false</P_19>
        <P_20>false</P_20>
        <P_21>false</P_21>
        <P_22>false</P_22>
        <P_23>false</P_23>
        <P_106E_2>false</P_106E_2>
        <P_106E_3>false</P_106E_3>
    </Faktura>
    <Faktura>
        <KodWaluty>PLN</KodWaluty>
        <P_1>2020-12-14</P_1>
        <P_2A>3-14/12/2020</P_2A>
        <P_3A>Firma1 Sp. z o.o</P_3A>
        <P_3B>Firma1 Sp. z o.o-ADDRESS</P_3B>
        <P_3C>Radio Maryja</P_3C>
        <P_3D>AL. A. Mickiewicza 141, 31-127 Kraków</P_3D>
        <P_4A>PL</P_4A>
        <P_4B>21374202137</P_4B>
        <P_5B>113-29-95-753 </P_5B>
        <P_6>2020-12-14</P_6>
        <P_13_1>1000.00</P_13_1>
        <P_14_1>230.00</P_14_1>
        <P_15>55465.31</P_15>
        <P_16>false</P_16>
        <P_17>false</P_17>
        <P_18>false</P_18>
        <P_18A>false</P_18A>
        <P_19>false</P_19>
        <P_20>false</P_20>
        <P_21>false</P_21>
        <P_22>false</P_22>
        <P_23>false</P_23>
        <P_106E_2>false</P_106E_2>
        <P_106E_3>false</P_106E_3>
    </Faktura>
    <Faktura>
        <KodWaluty>PLN</KodWaluty>
        <P_1>2020-12-14</P_1>
        <P_2A>3-14/12/2020</P_2A>
        <P_3A>Firma1 Sp. z o.o</P_3A>
        <P_3B>Firma1 Sp. z o.o-ADDRESS</P_3B>
        <P_3C>Radio Maryja</P_3C>
        <P_3D>AL. A. Mickiewicza 141, 31-127 Kraków</P_3D>
        <P_4A>PL</P_4A>
        <P_4B>21374202137</P_4B>
        <P_5B>113-29-95-753 </P_5B>
        <P_6>2020-12-14</P_6>
        <P_13_1>1000.00</P_13_1>
        <P_14_1>431.25</P_14_1>
        <P_15>55465.31</P_15>
        <P_16>false</P_16>
        <P_17>false</P_17>
        <P_18>false</P_18>
        <P_18A>false</P_18A>
        <P_19>false</P_19>
        <P_20>false</P_20>
        <P_21>false</P_21>
        <P_22>false</P_22>
        <P_23>false</P_23>
        <P_106E_2>false</P_106E_2>
        <P_106E_3>false</P_106E_3>
    </Faktura>
    <Faktura>
        <KodWaluty>PLN</KodWaluty>
        <P_1>2020-12-14</P_1>
        <P_2A>4-14/12/2020</P_2A>
        <P_3A>Firma7 S.A.</P_3A>
        <P_3B>Firma7 S.A.-ADDRESS</P_3B>
        <P_3C>Radio Maryja</P_3C>
        <P_3D>ul. Postępu 18B, 02- 676 Warszawa</P_3D>
        <P_4A>PL</P_4A>
        <P_4B>21374202137</P_4B>
        <P_5B> 531 30 92 922</P_5B>
        <P_6>2020-12-14</P_6>
        <P_13_1>1400.00</P_13_1>
        <P_14_1>13395.20</P_14_1>
        <P_15>71635.20</P_15>
        <P_16>false</P_16>
        <P_17>false</P_17>
        <P_18>false</P_18>
        <P_18A>false</P_18A>
        <P_19>false</P_19>
        <P_20>false</P_20>
        <P_21>false</P_21>
        <P_22>false</P_22>
        <P_23>false</P_23>
        <P_106E_2>false</P_106E_2>
        <P_106E_3>false</P_106E_3>
    </Faktura>
    <Faktura>
        <KodWaluty>PLN</KodWaluty>
        <P_1>2021-01-04</P_1>
        <P_2A>1-04/01/2021</P_2A>
        <P_3A>Firma3 sp. z o.o.</P_3A>
        <P_3B>Firma3 sp. z o.o.-ADDRESS</P_3B>
        <P_3C>Radio Maryja</P_3C>
        <P_3D>ul. Krkusowa 12, 30-123 Kraków</P_3D>
        <P_4A>PL</P_4A>
        <P_4B>21374202137</P_4B>
        <P_5B>675-152-93-71</P_5B>
        <P_6>2020-12-30</P_6>
        <P_13_1>1250.00</P_13_1>
        <P_14_1>4213.67</P_14_1>
        <P_15>23879.29</P_15>
        <P_16>false</P_16>
        <P_17>false</P_17>
        <P_18>false</P_18>
        <P_18A>false</P_18A>
        <P_19>false</P_19>
        <P_20>false</P_20>
        <P_21>false</P_21>
        <P_22>false</P_22>
        <P_23>false</P_23>
        <P_106E_2>false</P_106E_2>
        <P_106E_3>false</P_106E_3>
    </Faktura>
    <Faktura>
        <KodWaluty>PLN</KodWaluty>
        <P_1>2021-01-04</P_1>
        <P_2A>1-04/01/2021</P_2A>
        <P_3A>Firma3 sp. z o.o.</P_3A>
        <P_3B>Firma3 sp. z o.o.-ADDRESS</P_3B>
        <P_3C>Radio Maryja</P_3C>
        <P_3D>ul. Krkusowa 12, 30-123 Kraków</P_3D>
        <P_4A>PL</P_4A>
        <P_4B>21374202137</P_4B>
        <P_5B>675-152-93-71</P_5B>
        <P_6>2020-12-30</P_6>
        <P_13_1>1250.00</P_13_1>
        <P_14_1>251.56</P_14_1>
        <P_15>23879.29</P_15>
        <P_16>false</P_16>
        <P_17>false</P_17>
        <P_18>false</P_18>
        <P_18A>false</P_18A>
        <P_19>false</P_19>
        <P_20>false</P_20>
        <P_21>false</P_21>
        <P_22>false</P_22>
        <P_23>false</P_23>
        <P_106E_2>false</P_106E_2>
        <P_106E_3>false</P_106E_3>
    </Faktura>
    <Faktura>
        <KodWaluty>PLN</KodWaluty>
        <P_1>2021-01-04</P_1>
        <P_2A>2-04/01/2021</P_2A>
        <P_3A>Firma3 sp. z o.o.</P_3A>
        <P_3B>Firma3 sp. z o.o.-ADDRESS</P_3B>
        <P_3C>Radio Maryja</P_3C>
        <P_3D>ul. Krkusowa 12, 30-123 Kraków</P_3D>
        <P_4A>PL</P_4A>
        <P_4B>21374202137</P_4B>
        <P_5B>675-152-93-71</P_5B>
        <P_6>2020-12-30</P_6>
        <P_13_1>6200.00</P_13_1>
        <P_14_1>1426.00</P_14_1>
        <P_15>7626.00</P_15>
        <P_16>false</P_16>
        <P_17>false</P_17>
        <P_18>false</P_18>
        <P_18A>false</P_18A>
        <P_19>false</P_19>
        <P_20>false</P_20>
        <P_21>false</P_21>
        <P_22>false</P_22>
        <P_23>false</P_23>
        <P_106E_2>false</P_106E_2>
        <P_106E_3>false</P_106E_3>
    </Faktura>
    <Faktura>
        <KodWaluty>PLN</KodWaluty>
        <P_1>2021-01-04</P_1>
        <P_2A>3-04/01/2021</P_2A>
        <P_3A>Firma3 sp. z o.o.</P_3A>
        <P_3B>Firma3 sp. z o.o.-ADDRESS</P_3B>
        <P_3C>Radio Maryja</P_3C>
        <P_3D>ul. Krkusowa 12, 30-123 Kraków</P_3D>
        <P_4A>PL</P_4A>
        <P_4B>21374202137</P_4B>
        <P_5B>675-152-93-71</P_5B>
        <P_6>2020-12-30</P_6>
        <P_13_1>1250.00</P_13_1>
        <P_14_1>26237.97</P_14_1>
        <P_15>156109.30</P_15>
        <P_16>false</P_16>
        <P_17>false</P_17>
        <P_18>false</P_18>
        <P_18A>false</P_18A>
        <P_19>false</P_19>
        <P_20>false</P_20>
        <P_21>false</P_21>
        <P_22>false</P_22>
        <P_23>false</P_23>
        <P_106E_2>false</P_106E_2>
        <P_106E_3>false</P_106E_3>
    </Faktura>
    <Faktura>
        <KodWaluty>PLN</KodWaluty>
        <P_1>2021-01-04</P_1>
        <P_2A>3-04/01/2021</P_2A>
        <P_3A>Firma3 sp. z o.o.</P_3A>
        <P_3B>Firma3 sp. z o.o.-ADDRESS</P_3B>
        <P_3C>Radio Maryja</P_3C>
        <P_3D>ul. Krkusowa 12, 30-123 Kraków</P_3D>
        <P_4A>PL</P_4A>
        <P_4B>21374202137</P_4B>
        <P_5B>675-152-93-71</P_5B>
        <P_6>2020-12-30</P_6>
        <P_13_1>7840.00</P_13_1>
        <P_14_1>1803.20</P_14_1>
        <P_15>156109.30</P_15>
        <P_16>false</P_16>
        <P_17>false</P_17>
        <P_18>false</P_18>
        <P_18A>false</P_18A>
        <P_19>false</P_19>
        <P_20>false</P_20>
        <P_21>false</P_21>
        <P_22>false</P_22>
        <P_23>false</P_23>
        <P_106E_2>false</P_106E_2>
        <P_106E_3>false</P_106E_3>
    </Faktura>
    <Faktura>
        <KodWaluty>PLN</KodWaluty>
        <P_1>2021-01-04</P_1>
        <P_2A>3-04/01/2021</P_2A>
        <P_3A>Firma3 sp. z o.o.</P_3A>
        <P_3B>Firma3 sp. z o.o.-ADDRESS</P_3B>
        <P_3C>Radio Maryja</P_3C>
        <P_3D>ul. Krkusowa 12, 30-123 Kraków</P_3D>
        <P_4A>PL</P_4A>
        <P_4B>21374202137</P_4B>
        <P_5B>675-152-93-71</P_5B>
        <P_6>2020-12-30</P_6>
        <P_13_1>1250.00</P_13_1>
        <P_14_1>1150.00</P_14_1>
        <P_15>156109.30</P_15>
        <P_16>false</P_16>
        <P_17>false</P_17>
        <P_18>false</P_18>
        <P_18A>false</P_18A>
        <P_19>false</P_19>
        <P_20>false</P_20>
        <P_21>false</P_21>
        <P_22>false</P_22>
        <P_23>false</P_23>
        <P_106E_2>false</P_106E_2>
        <P_106E_3>false</P_106E_3>
    </Faktura>
    <Faktura>
        <KodWaluty>PLN</KodWaluty>
        <P_1>2021-01-04</P_1>
        <P_2A>4-04/01/2021</P_2A>
        <P_3A>Firma8 Sp. z o.o. sp.k.</P_3A>
        <P_3B>Firma8 Sp. z o.o. sp.k.-ADDRESS</P_3B>
        <P_3C>Radio Maryja</P_3C>
        <P_3D>ul. Krkusowa 12, 30-123 Kraków</P_3D>
        <P_4A>PL</P_4A>
        <P_4B>21374202137</P_4B>
        <P_5B>677-00-46-633</P_5B>
        <P_6>2020-12-30</P_6>
        <P_13_1>1250.00</P_13_1>
        <P_14_1>6042.89</P_14_1>
        <P_15>32316.33</P_15>
        <P_16>false</P_16>
        <P_17>false</P_17>
        <P_18>false</P_18>
        <P_18A>false</P_18A>
        <P_19>false</P_19>
        <P_20>false</P_20>
        <P_21>false</P_21>
        <P_22>false</P_22>
        <P_23>false</P_23>
        <P_106E_2>false</P_106E_2>
        <P_106E_3>false</P_106E_3>
    </Faktura>
    <Faktura>
        <KodWaluty>PLN</KodWaluty>
        <P_1>2021-01-04</P_1>
        <P_2A>5-04/01/2021</P_2A>
        <P_3A>Firma9 SP. Z O.O.</P_3A>
        <P_3B>Firma9 SP. Z O.O.-ADDRESS</P_3B>
        <P_3C>Radio Maryja</P_3C>
        <P_3D>ul. Dobra 28, 00-344 Warszawa</P_3D>
        <P_4A>PL</P_4A>
        <P_4B>21374202137</P_4B>
        <P_5B>118-16-48-603</P_5B>
        <P_6>2020-12-30</P_6>
        <P_13_1>13000.00</P_13_1>
        <P_14_1>2990.00</P_14_1>
        <P_15>15990.00</P_15>
        <P_16>false</P_16>
        <P_17>false</P_17>
        <P_18>false</P_18>
        <P_18A>false</P_18A>
        <P_19>false</P_19>
        <P_20>false</P_20>
        <P_21>false</P_21>
        <P_22>false</P_22>
        <P_23>false</P_23>
        <P_106E_2>false</P_106E_2>
        <P_106E_3>false</P_106E_3>
    </Faktura>
    <Faktura>
        <KodWaluty>PLN</KodWaluty>
        <P_1>2021-01-12</P_1>
        <P_2A>1-12/01/2021</P_2A>
        <P_3A>Firma4</P_3A>
        <P_3B>Firma4-ADDRESS</P_3B>
        <P_3C>Radio Maryja</P_3C>
        <P_3D>ul. MICKIEWICZA 1/5, 33-100 TARNÓW</P_3D>
        <P_4A>PL</P_4A>
        <P_4B>21374202137</P_4B>
        <P_5B>873-171-75-73</P_5B>
        <P_6>2020-12-30</P_6>
        <P_13_1>7.50</P_13_1>
        <P_14_1>1028.16</P_14_1>
        <P_15>5498.41</P_15>
        <P_16>false</P_16>
        <P_17>false</P_17>
        <P_18>false</P_18>
        <P_18A>false</P_18A>
        <P_19>false</P_19>
        <P_20>false</P_20>
        <P_21>false</P_21>
        <P_22>false</P_22>
        <P_23>false</P_23>
        <P_106E_2>false</P_106E_2>
        <P_106E_3>false</P_106E_3>
    </Faktura>
    <Faktura>
        <KodWaluty>PLN</KodWaluty>
        <P_1>2021-01-12</P_1>
        <P_2A>2-12/01/2021</P_2A>
        <P_3A>Firma4</P_3A>
        <P_3B>Firma4-ADDRESS</P_3B>
        <P_3C>Radio Maryja</P_3C>
        <P_3D>ul. MICKIEWICZA 1/5, 33-100 TARNÓW</P_3D>
        <P_4A>PL</P_4A>
        <P_4B>21374202137</P_4B>
        <P_5B>873-171-75-73</P_5B>
        <P_6>2020-12-30</P_6>
        <P_13_1>280.00</P_13_1>
        <P_14_1>4186.00</P_14_1>
        <P_15>22386.00</P_15>
        <P_16>false</P_16>
        <P_17>false</P_17>
        <P_18>false</P_18>
        <P_18A>false</P_18A>
        <P_19>false</P_19>
        <P_20>false</P_20>
        <P_21>false</P_21>
        <P_22>false</P_22>
        <P_23>false</P_23>
        <P_106E_2>false</P_106E_2>
        <P_106E_3>false</P_106E_3>
    </Faktura>
    <Faktura>
        <KodWaluty>PLN</KodWaluty>
        <P_1>2021-01-19</P_1>
        <P_2A>1-19/01/2021</P_2A>
        <P_3A>Firma1 Sp. z o.o</P_3A>
        <P_3B>Firma1 Sp. z o.o-ADDRESS</P_3B>
        <P_3C>Radio Maryja</P_3C>
        <P_3D>AL. A. Mickiewicza 141, 31-127 Kraków</P_3D>
        <P_4A>PL</P_4A>
        <P_4B>21374202137</P_4B>
        <P_5B>113-29-95-753 </P_5B>
        <P_6>2020-12-30</P_6>
        <P_13_1>1000.00</P_13_1>
        <P_14_1>1998.13</P_14_1>
        <P_15>37925.51</P_15>
        <P_16>false</P_16>
        <P_17>false</P_17>
        <P_18>false</P_18>
        <P_18A>false</P_18A>
        <P_19>false</P_19>
        <P_20>false</P_20>
        <P_21>false</P_21>
        <P_22>false</P_22>
        <P_23>false</P_23>
        <P_106E_2>false</P_106E_2>
        <P_106E_3>false</P_106E_3>
    </Faktura>
    <Faktura>
        <KodWaluty>PLN</KodWaluty>
        <P_1>2021-01-19</P_1>
        <P_2A>1-19/01/2021</P_2A>
        <P_3A>Firma1 Sp. z o.o</P_3A>
        <P_3B>Firma1 Sp. z o.o-ADDRESS</P_3B>
        <P_3C>Radio Maryja</P_3C>
        <P_3D>AL. A. Mickiewicza 141, 31-127 Kraków</P_3D>
        <P_4A>PL</P_4A>
        <P_4B>21374202137</P_4B>
        <P_5B>113-29-95-753 </P_5B>
        <P_6>2020-12-30</P_6>
        <P_13_1>1000.00</P_13_1>
        <P_14_1>2363.83</P_14_1>
        <P_15>37925.51</P_15>
        <P_16>false</P_16>
        <P_17>false</P_17>
        <P_18>false</P_18>
        <P_18A>false</P_18A>
        <P_19>false</P_19>
        <P_20>false</P_20>
        <P_21>false</P_21>
        <P_22>false</P_22>
        <P_23>false</P_23>
        <P_106E_2>false</P_106E_2>
        <P_106E_3>false</P_106E_3>
    </Faktura>
    <Faktura>
        <KodWaluty>PLN</KodWaluty>
        <P_1>2021-01-19</P_1>
        <P_2A>1-19/01/2021</P_2A>
        <P_3A>Firma1 Sp. z o.o</P_3A>
        <P_3B>Firma1 Sp. z o.o-ADDRESS</P_3B>
        <P_3C>Radio Maryja</P_3C>
        <P_3D>AL. A. Mickiewicza 141, 31-127 Kraków</P_3D>
        <P_4A>PL</P_4A>
        <P_4B>21374202137</P_4B>
        <P_5B>113-29-95-753 </P_5B>
        <P_6>2020-12-30</P_6>
        <P_13_1>1000.00</P_13_1>
        <P_14_1>1035.00</P_14_1>
        <P_15>37925.51</P_15>
        <P_16>false</P_16>
        <P_17>false</P_17>
        <P_18>false</P_18>
        <P_18A>false</P_18A>
        <P_19>false</P_19>
        <P_20>false</P_20>
        <P_21>false</P_21>
        <P_22>false</P_22>
        <P_23>false</P_23>
        <P_106E_2>false</P_106E_2>
        <P_106E_3>false</P_106E_3>
    </Faktura>
    <Faktura>
        <KodWaluty>PLN</KodWaluty>
        <P_1>2021-01-19</P_1>
        <P_2A>1-19/01/2021</P_2A>
        <P_3A>Firma1 Sp. z o.o</P_3A>
        <P_3B>Firma1 Sp. z o.o-ADDRESS</P_3B>
        <P_3C>Radio Maryja</P_3C>
        <P_3D>AL. A. Mickiewicza 141, 31-127 Kraków</P_3D>
        <P_4A>PL</P_4A>
        <P_4B>21374202137</P_4B>
        <P_5B>113-29-95-753 </P_5B>
        <P_6>2020-12-30</P_6>
        <P_13_1>1000.00</P_13_1>
        <P_14_1>158.13</P_14_1>
        <P_15>37925.51</P_15>
        <P_16>false</P_16>
        <P_17>false</P_17>
        <P_18>false</P_18>
        <P_18A>false</P_18A>
        <P_19>false</P_19>
        <P_20>false</P_20>
        <P_21>false</P_21>
        <P_22>false</P_22>
        <P_23>false</P_23>
        <P_106E_2>false</P_106E_2>
        <P_106E_3>false</P_106E_3>
    </Faktura>
    <Faktura>
        <KodWaluty>PLN</KodWaluty>
        <P_1>2021-01-19</P_1>
        <P_2A>1-19/01/2021</P_2A>
        <P_3A>Firma1 Sp. z o.o</P_3A>
        <P_3B>Firma1 Sp. z o.o-ADDRESS</P_3B>
        <P_3C>Radio Maryja</P_3C>
        <P_3D>AL. A. Mickiewicza 141, 31-127 Kraków</P_3D>
        <P_4A>PL</P_4A>
        <P_4B>21374202137</P_4B>
        <P_5B>113-29-95-753 </P_5B>
        <P_6>2020-12-30</P_6>
        <P_13_1>1000.00</P_13_1>
        <P_14_1>531.88</P_14_1>
        <P_15>37925.51</P_15>
        <P_16>false</P_16>
        <P_17>false</P_17>
        <P_18>false</P_18>
        <P_18A>false</P_18A>
        <P_19>false</P_19>
        <P_20>false</P_20>
        <P_21>false</P_21>
        <P_22>false</P_22>
        <P_23>false</P_23>
        <P_106E_2>false</P_106E_2>
        <P_106E_3>false</P_106E_3>
    </Faktura>
    <Faktura>
        <KodWaluty>PLN</KodWaluty>
        <P_1>2021-01-19</P_1>
        <P_2A>1-19/01/2021</P_2A>
        <P_3A>Firma1 Sp. z o.o</P_3A>
        <P_3B>Firma1 Sp. z o.o-ADDRESS</P_3B>
        <P_3C>Radio Maryja</P_3C>
        <P_3D>AL. A. Mickiewicza 141, 31-127 Kraków</P_3D>
        <P_4A>PL</P_4A>
        <P_4B>21374202137</P_4B>
        <P_5B>113-29-95-753 </P_5B>
        <P_6>2020-12-30</P_6>
        <P_13_1>1000.00</P_13_1>
        <P_14_1>71.88</P_14_1>
        <P_15>37925.51</P_15>
        <P_16>false</P_16>
        <P_17>false</P_17>
        <P_18>false</P_18>
        <P_18A>false</P_18A>
        <P_19>false</P_19>
        <P_20>false</P_20>
        <P_21>false</P_21>
        <P_22>false</P_22>
        <P_23>false</P_23>
        <P_106E_2>false</P_106E_2>
        <P_106E_3>false</P_106E_3>
    </Faktura>
    <Faktura>
        <KodWaluty>PLN</KodWaluty>
        <P_1>2021-01-19</P_1>
        <P_2A>1-19/01/2021</P_2A>
        <P_3A>Firma1 Sp. z o.o</P_3A>
        <P_3B>Firma1 Sp. z o.o-ADDRESS</P_3B>
        <P_3C>Radio Maryja</P_3C>
        <P_3D>AL. A. Mickiewicza 141, 31-127 Kraków</P_3D>
        <P_4A>PL</P_4A>
        <P_4B>21374202137</P_4B>
        <P_5B>113-29-95-753 </P_5B>
        <P_6>2020-12-30</P_6>
        <P_13_1>1000.00</P_13_1>
        <P_14_1>28.75</P_14_1>
        <P_15>37925.51</P_15>
        <P_16>false</P_16>
        <P_17>false</P_17>
        <P_18>false</P_18>
        <P_18A>false</P_18A>
        <P_19>false</P_19>
        <P_20>false</P_20>
        <P_21>false</P_21>
        <P_22>false</P_22>
        <P_23>false</P_23>
        <P_106E_2>false</P_106E_2>
        <P_106E_3>false</P_106E_3>
    </Faktura>
    <Faktura>
        <KodWaluty>PLN</KodWaluty>
        <P_1>2021-01-19</P_1>
        <P_2A>1-19/01/2021</P_2A>
        <P_3A>Firma1 Sp. z o.o</P_3A>
        <P_3B>Firma1 Sp. z o.o-ADDRESS</P_3B>
        <P_3C>Radio Maryja</P_3C>
        <P_3D>AL. A. Mickiewicza 141, 31-127 Kraków</P_3D>
        <P_4A>PL</P_4A>
        <P_4B>21374202137</P_4B>
        <P_5B>113-29-95-753 </P_5B>
        <P_6>2020-12-30</P_6>
        <P_13_1>1000.00</P_13_1>
        <P_14_1>43.13</P_14_1>
        <P_15>37925.51</P_15>
        <P_16>false</P_16>
        <P_17>false</P_17>
        <P_18>false</P_18>
        <P_18A>false</P_18A>
        <P_19>false</P_19>
        <P_20>false</P_20>
        <P_21>false</P_21>
        <P_22>false</P_22>
        <P_23>false</P_23>
        <P_106E_2>false</P_106E_2>
        <P_106E_3>false</P_106E_3>
    </Faktura>
    <Faktura>
        <KodWaluty>PLN</KodWaluty>
        <P_1>2021-01-19</P_1>
        <P_2A>1-19/01/2021</P_2A>
        <P_3A>Firma1 Sp. z o.o</P_3A>
        <P_3B>Firma1 Sp. z o.o-ADDRESS</P_3B>
        <P_3C>Radio Maryja</P_3C>
        <P_3D>AL. A. Mickiewicza 141, 31-127 Kraków</P_3D>
        <P_4A>PL</P_4A>
        <P_4B>21374202137</P_4B>
        <P_5B>113-29-95-753 </P_5B>
        <P_6>2020-12-30</P_6>
        <P_13_1>1000.00</P_13_1>
        <P_14_1>861.06</P_14_1>
        <P_15>37925.51</P_15>
        <P_16>false</P_16>
        <P_17>false</P_17>
        <P_18>false</P_18>
        <P_18A>false</P_18A>
        <P_19>false</P_19>
        <P_20>false</P_20>
        <P_21>false</P_21>
        <P_22>false</P_22>
        <P_23>false</P_23>
        <P_106E_2>false</P_106E_2>
        <P_106E_3>false</P_106E_3>
    </Faktura>
    <Faktura>
        <KodWaluty>PLN</KodWaluty>
        <P_1>2021-01-19</P_1>
        <P_2A>2-19/01/2021</P_2A>
        <P_3A>Firma1 Sp. z o.o</P_3A>
        <P_3B>Firma1 Sp. z o.o-ADDRESS</P_3B>
        <P_3C>Radio Maryja</P_3C>
        <P_3D>AL. A. Mickiewicza 141, 31-127 Kraków</P_3D>
        <P_4A>PL</P_4A>
        <P_4B>21374202137</P_4B>
        <P_5B>113-29-95-753 </P_5B>
        <P_6>2020-12-30</P_6>
        <P_13_1>1000.00</P_13_1>
        <P_14_1>3089.19</P_14_1>
        <P_15>16520.44</P_15>
        <P_16>false</P_16>
        <P_17>false</P_17>
        <P_18>false</P_18>
        <P_18A>false</P_18A>
        <P_19>false</P_19>
        <P_20>false</P_20>
        <P_21>false</P_21>
        <P_22>false</P_22>
        <P_23>false</P_23>
        <P_106E_2>false</P_106E_2>
        <P_106E_3>false</P_106E_3>
    </Faktura>
    <FakturaCtrl>
        <LiczbaFaktur>45</LiczbaFaktur>
        <WartoscFaktur>1763566.69</WartoscFaktur>
    </FakturaCtrl>
    <FakturaWiersz>
        <P_2B>3-09/10/2020</P_2B>
        <P_7>Czynsz z tytułu najmu powierzchni w budynku przy ul. Radwańskiego 15 w Krakowie za Październik 2020</P_7>
        <P_8A>szt</P_8A>
        <P_8B>1</P_8B>
        <P_9A>3000.00</P_9A>
        <P_9B>3690.00</P_9B>
        <P_11>3000.00</P_11>
        <P_12>23</P_12>
    </FakturaWiersz>
    <FakturaWiersz>
        <P_2B>4-09/10/2020</P_2B>
        <P_7>Czynsz z tytułu najmu powierzchni w budynku przy ul. Radwańskiego 15 w Krakowie za Październik 2020</P_7>
        <P_8A>szt</P_8A>
        <P_8B>1</P_8B>
        <P_9A>7000.00</P_9A>
        <P_9B>8610.00</P_9B>
        <P_11>7000.00</P_11>
        <P_12>23</P_12>
    </FakturaWiersz>
    <FakturaWiersz>
        <P_2B>1-13/10/2020</P_2B>
        <P_7>Najem pomieszczeń biurowych, Radwańskiego 15, 1 piętro, 2 miesiące.</P_7>
        <P_8A>szt</P_8A>
        <P_8B>1</P_8B>
        <P_9A>3774.00</P_9A>
        <P_9B>4642.02</P_9B>
        <P_11>3774.00</P_11>
        <P_12>23</P_12>
    </FakturaWiersz>
    <FakturaWiersz>
        <P_2B>3-14/10/2020</P_2B>
        <P_7>1. Prace rozwojowe - #68074 : Lista endpointów</P_7>
        <P_8A>szt</P_8A>
        <P_8B>4.75</P_8B>
        <P_9A>1000.00</P_9A>
        <P_9B>1230.00</P_9B>
        <P_11>4750.00</P_11>
        <P_12>23</P_12>
    </FakturaWiersz>
    <FakturaWiersz>
        <P_2B>3-14/10/2020</P_2B>
        <P_7>2. Prace rozwojowe - #67995 : Zlecenie UX - sprint 2</P_7>
        <P_8A>szt</P_8A>
        <P_8B>55</P_8B>
        <P_9A>1000.00</P_9A>
        <P_9B>1230.00</P_9B>
        <P_11>55000.00</P_11>
        <P_12>23</P_12>
    </FakturaWiersz>
    <FakturaWiersz>
        <P_2B>3-14/10/2020</P_2B>
        <P_7>3. Prace rozwojowe - #67996 : Wyszukiwarka z podpowiedziami i Dodatkowa informacja</P_7>
        <P_8A>szt</P_8A>
        <P_8B>10</P_8B>
        <P_9A>1000.00</P_9A>
        <P_9B>1230.00</P_9B>
        <P_11>10000.00</P_11>
        <P_12>23</P_12>
    </FakturaWiersz>
    <FakturaWiersz>
        <P_2B>3-14/10/2020</P_2B>
        <P_7>4. Prace rozwojowe - #67810 : Wysyłka maila do handlowca po wykonaniu zadania weryfikacji dowodu rejestracyjnego</P_7>
        <P_8A>szt</P_8A>
        <P_8B>0.75</P_8B>
        <P_9A>1000.00</P_9A>
        <P_9B>1230.00</P_9B>
        <P_11>750.00</P_11>
        <P_12>23</P_12>
    </FakturaWiersz>
    <FakturaWiersz>
        <P_2B>3-14/10/2020</P_2B>
        <P_7>5. Prace rozwojowe - #68291 : Modyfikacja parametru obsługi marży</P_7>
        <P_8A>szt</P_8A>
        <P_8B>2</P_8B>
        <P_9A>1000.00</P_9A>
        <P_9B>1230.00</P_9B>
        <P_11>2000.00</P_11>
        <P_12>23</P_12>
    </FakturaWiersz>
    <FakturaWiersz>
        <P_2B>3-14/10/2020</P_2B>
        <P_7>6. Prace rozwojowe - #68331 : Dołącz do nas - projekt graficzny</P_7>
        <P_8A>szt</P_8A>
        <P_8B>1.5</P_8B>
        <P_9A>1000.00</P_9A>
        <P_9B>1230.00</P_9B>
        <P_11>1500.00</P_11>
        <P_12>23</P_12>
    </FakturaWiersz>
    <FakturaWiersz>
        <P_2B>3-14/10/2020</P_2B>
        <P_7>7. Prace rozwojowe - #68685 : Zmiany w procesie logistycznym (zagadnienia 1-3)</P_7>
        <P_8A>szt</P_8A>
        <P_8B>2.25</P_8B>
        <P_9A>1000.00</P_9A>
        <P_9B>1230.00</P_9B>
        <P_11>2250.00</P_11>
        <P_12>23</P_12>
    </FakturaWiersz>
    <FakturaWiersz>
        <P_2B>1-15/10/2020</P_2B>
        <P_7>Zakup serwerów oraz komputerów – jednostek centralnych (klienckich), zgodnie z umową nr  1/UD/2020 </P_7>
        <P_8A>szt</P_8A>
        <P_8B>1</P_8B>
        <P_9A>33739.84</P_9A>
        <P_9B>41500.00</P_9B>
        <P_11>33739.84</P_11>
        <P_12>23</P_12>
    </FakturaWiersz>
    <FakturaWiersz>
        <P_2B>1-15/10/2020</P_2B>
        <P_7>Zakup drukarki do elektronicznych legitymacji, zgodnie z umową nr  1/UD/2020 </P_7>
        <P_8A>szt</P_8A>
        <P_8B>1</P_8B>
        <P_9A>21951.22</P_9A>
        <P_9B>27000.00</P_9B>
        <P_11>21951.22</P_11>
        <P_12>23</P_12>
    </FakturaWiersz>
    <FakturaWiersz>
        <P_2B>1-15/10/2020</P_2B>
        <P_7>Wdrożenie poszczególnych modułów wraz zakupem oprogramowania, zgodnie z umową nr  1/UD/2020 </P_7>
        <P_8A>szt</P_8A>
        <P_8B>1</P_8B>
        <P_9A>22764.23</P_9A>
        <P_9B>28000.00</P_9B>
        <P_11>22764.23</P_11>
        <P_12>23</P_12>
    </FakturaWiersz>
    <FakturaWiersz>
        <P_2B>1-15/10/2020</P_2B>
        <P_7>Migracja danych do nowego systemu, zgodnie z umową nr  1/UD/2020 </P_7>
        <P_8A>szt</P_8A>
        <P_8B>1</P_8B>
        <P_9A>26829.27</P_9A>
        <P_9B>33000.00</P_9B>
        <P_11>26829.27</P_11>
        <P_12>23</P_12>
    </FakturaWiersz>
    <FakturaWiersz>
        <P_2B>1-15/10/2020</P_2B>
        <P_7>Wdrożenie systemu – oprogramowanie do obsługi systemów, zgodnie z umową nr  1/UD/2020 </P_7>
        <P_8A>szt</P_8A>
        <P_8B>1</P_8B>
        <P_9A>17886.18</P_9A>
        <P_9B>22000.00</P_9B>
        <P_11>17886.18</P_11>
        <P_12>23</P_12>
    </FakturaWiersz>
    <FakturaWiersz>
        <P_2B>1-15/10/2020</P_2B>
        <P_7>Szkolenia dla kadry i pracowników wdrażanych komponentów Systemu USOS, zgodnie z umową nr  1/UD/2020 </P_7>
        <P_8A>szt</P_8A>
        <P_8B>1</P_8B>
        <P_9A>23577.24</P_9A>
        <P_9B>29000.01</P_9B>
        <P_11>23577.24</P_11>
        <P_12>23</P_12>
    </FakturaWiersz>
    <FakturaWiersz>
        <P_2B>1-15/10/2020</P_2B>
        <P_7>Obsługa administracyjna, zgodnie z umową nr  1/UD/2020 </P_7>
        <P_8A>szt</P_8A>
        <P_8B>1</P_8B>
        <P_9A>14634.15</P_9A>
        <P_9B>18000.00</P_9B>
        <P_11>14634.15</P_11>
        <P_12>23</P_12>
    </FakturaWiersz>
    <FakturaWiersz>
        <P_2B>2-15/10/2020</P_2B>
        <P_7>Wdrożenie systemu kształcenia na odległość - unowocześnienie platformy e-learningowej, zgodnie z umową nr 4/UD/2020</P_7>
        <P_8A>szt</P_8A>
        <P_8B>1</P_8B>
        <P_9A>31707.32</P_9A>
        <P_9B>39000.00</P_9B>
        <P_11>31707.32</P_11>
        <P_12>23</P_12>
    </FakturaWiersz>
    <FakturaWiersz>
        <P_2B>2-15/10/2020</P_2B>
        <P_7>Wdrożenie systemu kształcenia na odległość – e-learning - szkolenia dla pracowników, zgodnie z umową nr 4/UD/2020</P_7>
        <P_8A>szt</P_8A>
        <P_8B>1</P_8B>
        <P_9A>10000.00</P_9A>
        <P_9B>12300.00</P_9B>
        <P_11>10000.00</P_11>
        <P_12>23</P_12>
    </FakturaWiersz>
    <FakturaWiersz>
        <P_2B>2-15/10/2020</P_2B>
        <P_7>Wdrożenie systemu kształcenia na odległość - e-learning – serwer wirtualny, zgodnie z umową nr 4/UD/2020</P_7>
        <P_8A>szt</P_8A>
        <P_8B>1</P_8B>
        <P_9A>2032.52</P_9A>
        <P_9B>2500.00</P_9B>
        <P_11>2032.52</P_11>
        <P_12>23</P_12>
    </FakturaWiersz>
    <FakturaWiersz>
        <P_2B>2-15/10/2020</P_2B>
        <P_7>Wdrożenie systemu kształcenia na odległość - e-learning  - implementacja kursów na platformę, zgodnie z umową nr 4/UD/2020</P_7>
        <P_8A>szt</P_8A>
        <P_8B>1</P_8B>
        <P_9A>5000.00</P_9A>
        <P_9B>6150.00</P_9B>
        <P_11>5000.00</P_11>
        <P_12>23</P_12>
    </FakturaWiersz>
    <FakturaWiersz>
        <P_2B>3-15/10/2020</P_2B>
        <P_7>Komputer wraz z systemem operacyjnym, zgodnie z umową nr 1/PK/2020</P_7>
        <P_8A>szt</P_8A>
        <P_8B>24</P_8B>
        <P_9A>6351.63</P_9A>
        <P_9B>7812.50</P_9B>
        <P_11>152439.02</P_11>
        <P_12>23</P_12>
    </FakturaWiersz>
    <FakturaWiersz>
        <P_2B>3-15/10/2020</P_2B>
        <P_7>Oprogramowanie sprzedażowe, zgodnie z umową nr 1/PK/2020</P_7>
        <P_8A>szt</P_8A>
        <P_8B>24</P_8B>
        <P_9A>406.50</P_9A>
        <P_9B>500.00</P_9B>
        <P_11>9756.10</P_11>
        <P_12>23</P_12>
    </FakturaWiersz>
    <FakturaWiersz>
        <P_2B>3-15/10/2020</P_2B>
        <P_7>Oprogramowanie finansowo – księgowe, zgodnie z umową nr 1/PK/2020</P_7>
        <P_8A>szt</P_8A>
        <P_8B>24</P_8B>
        <P_9A>406.50</P_9A>
        <P_9B>500.00</P_9B>
        <P_11>9756.10</P_11>
        <P_12>23</P_12>
    </FakturaWiersz>
    <FakturaWiersz>
        <P_2B>3-15/10/2020</P_2B>
        <P_7>Router, zgodnie z umową nr 1/PK/2020</P_7>
        <P_8A>szt</P_8A>
        <P_8B>2</P_8B>
        <P_9A>406.51</P_9A>
        <P_9B>500.01</P_9B>
        <P_11>813.01</P_11>
        <P_12>23</P_12>
    </FakturaWiersz>
    <FakturaWiersz>
        <P_2B>3-15/10/2020</P_2B>
        <P_7>Switch, zgodnie z umową nr 1/PK/2020</P_7>
        <P_8A>szt</P_8A>
        <P_8B>2</P_8B>
        <P_9A>528.46</P_9A>
        <P_9B>650.01</P_9B>
        <P_11>1056.91</P_11>
        <P_12>23</P_12>
    </FakturaWiersz>
    <FakturaWiersz>
        <P_2B>3-15/10/2020</P_2B>
        <P_7>Okablowanie (2m), zgodnie z umową nr 1/PK/2020</P_7>
        <P_8A>szt</P_8A>
        <P_8B>28</P_8B>
        <P_9A>2.90</P_9A>
        <P_9B>3.57</P_9B>
        <P_11>81.30</P_11>
        <P_12>23</P_12>
    </FakturaWiersz>
    <FakturaWiersz>
        <P_2B>3-15/10/2020</P_2B>
        <P_7>Okablowanie (1,5m), zgodnie z umową nr 1/PK/2020</P_7>
        <P_8A>szt</P_8A>
        <P_8B>24</P_8B>
        <P_9A>3.39</P_9A>
        <P_9B>4.17</P_9B>
        <P_11>81.30</P_11>
        <P_12>23</P_12>
    </FakturaWiersz>
    <FakturaWiersz>
        <P_2B>1-16/10/2020</P_2B>
        <P_7>Informatyczne narzędzia edukacyjne</P_7>
        <P_8A>szt</P_8A>
        <P_8B>1</P_8B>
        <P_9A>1268.29</P_9A>
        <P_9B>1560.00</P_9B>
        <P_11>1268.29</P_11>
        <P_12>23</P_12>
    </FakturaWiersz>
    <FakturaWiersz>
        <P_2B>1-05/11/2020</P_2B>
        <P_7>NAJEM SERWERA ZA OKRES 10.2020 (SPECYFIKACJA ZGODNA Z UMOWĄ)   </P_7>
        <P_8A>szt</P_8A>
        <P_8B>1</P_8B>
        <P_9A>13000.00</P_9A>
        <P_9B>15990.00</P_9B>
        <P_11>13000.00</P_11>
        <P_12>23</P_12>
    </FakturaWiersz>
    <FakturaWiersz>
        <P_2B>2-05/11/2020</P_2B>
        <P_7>Zarządzanie infrastrukturą serwerową oraz usługami dla projektu Innovative- ZGODNIE Z RAPORTEM</P_7>
        <P_8A>szt</P_8A>
        <P_8B>1</P_8B>
        <P_9A>3909.38</P_9A>
        <P_9B>4808.54</P_9B>
        <P_11>3909.38</P_11>
        <P_12>23</P_12>
    </FakturaWiersz>
    <FakturaWiersz>
        <P_2B>3-05/11/2020</P_2B>
        <P_7>Urządzenia GPS – terminale/montaż – październik 2020 zgodnie z załącznikiem </P_7>
        <P_8A>szt</P_8A>
        <P_8B>63</P_8B>
        <P_9A>280.00</P_9A>
        <P_9B>344.40</P_9B>
        <P_11>17640.00</P_11>
        <P_12>23</P_12>
    </FakturaWiersz>
    <FakturaWiersz>
        <P_2B>1-09/11/2020</P_2B>
        <P_7>Firma3 - prace projektowe oraz programistyczne związane z rozwojem, zgodne z załącznikiem</P_7>
        <P_8A>szt</P_8A>
        <P_8B>83.6375</P_8B>
        <P_9A>1250.00</P_9A>
        <P_9B>1537.50</P_9B>
        <P_11>99546.88</P_11>
        <P_12>23</P_12>
    </FakturaWiersz>
    <FakturaWiersz>
        <P_2B>1-09/11/2020</P_2B>
        <P_7>Zarządzanie infrastrukturą serwerową oraz usługami dla projektu Firma3 – Premium</P_7>
        <P_8A>szt</P_8A>
        <P_8B>1</P_8B>
        <P_9A>7840.00</P_9A>
        <P_9B>9643.20</P_9B>
        <P_11>7840.00</P_11>
        <P_12>23</P_12>
    </FakturaWiersz>
    <FakturaWiersz>
        <P_2B>1-09/11/2020</P_2B>
        <P_7>Firma3 - prace projektowe oraz programistyczne związane z utrzymaniem i poprawą błędów oraz bieżącymi działaniami,  zgodne z załącznikiem</P_7>
        <P_8A>szt</P_8A>
        <P_8B>4</P_8B>
        <P_9A>1250.00</P_9A>
        <P_9B>1537.50</P_9B>
        <P_11>5000.00</P_11>
        <P_12>23</P_12>
    </FakturaWiersz>
    <FakturaWiersz>
        <P_2B>2-09/11/2020</P_2B>
        <P_7>Innovative - prace projektowe oraz programistyczne związane z rozwojem, zgodnie z załącznikiem</P_7>
        <P_8A>szt</P_8A>
        <P_8B>12.18750</P_8B>
        <P_9A>1250.00</P_9A>
        <P_9B>1537.50</P_9B>
        <P_11>15234.38</P_11>
        <P_12>23</P_12>
    </FakturaWiersz>
    <FakturaWiersz>
        <P_2B>2-09/11/2020</P_2B>
        <P_7>Innovative - prace projektowe oraz programistyczne związane z utrzymaniem i poprawą błędów oraz bieżącymi działaniami,  zgodnie z załącznikiem</P_7>
        <P_8A>szt</P_8A>
        <P_8B>6.50000</P_8B>
        <P_9A>1250.00</P_9A>
        <P_9B>1537.50</P_9B>
        <P_11>8125.00</P_11>
        <P_12>23</P_12>
    </FakturaWiersz>
    <FakturaWiersz>
        <P_2B>1-12/11/2020</P_2B>
        <P_7>Faktura korygująca, korekta dotyczy fv nr 2-09/11/2020 przyczyna korkty błędna kwota w pozycji nr 2 – Różnica do zwrotu - Innovative - prace projektowe oraz programistyczne związane z rozwojem, zgodnie z załącznikiem</P_7>
        <P_8A>szt</P_8A>
        <P_8B>0.81250</P_8B>
        <P_9A>1250.00</P_9A>
        <P_9B>1537.50</P_9B>
        <P_11>1015.62</P_11>
        <P_12>23</P_12>
    </FakturaWiersz>
    <FakturaWiersz>
        <P_2B>1-10/11/2020</P_2B>
        <P_7>Firma8 - prace projektowe oraz programistyczne, zgodnie z załącznikiem</P_7>
        <P_8A>szt</P_8A>
        <P_8B>26.47500</P_8B>
        <P_9A>1250.00</P_9A>
        <P_9B>1537.50</P_9B>
        <P_11>33093.75</P_11>
        <P_12>23</P_12>
    </FakturaWiersz>
    <FakturaWiersz>
        <P_2B>2-10/11/2020</P_2B>
        <P_7>Czynsz z tytułu najmu powierzchni w budynku przy ul. Radwańskiego 15 w Krakowie za Listopad 2020</P_7>
        <P_8A>szt</P_8A>
        <P_8B>1</P_8B>
        <P_9A>3000.00</P_9A>
        <P_9B>3690.00</P_9B>
        <P_11>3000.00</P_11>
        <P_12>23</P_12>
    </FakturaWiersz>
    <FakturaWiersz>
        <P_2B>3-10/11/2020</P_2B>
        <P_7>Czynsz z tytułu najmu powierzchni w budynku przy ul. Radwańskiego 15 w Krakowie za Listopad 2020</P_7>
        <P_8A>szt</P_8A>
        <P_8B>1</P_8B>
        <P_9A>7000.00</P_9A>
        <P_9B>8610.00</P_9B>
        <P_11>7000.00</P_11>
        <P_12>23</P_12>
    </FakturaWiersz>
    <FakturaWiersz>
        <P_2B>1-13/11/2020</P_2B>
        <P_7>Abonament – aktywne karty SIM zgodnie z załącznikiem </P_7>
        <P_8A>szt</P_8A>
        <P_8B>472.9337</P_8B>
        <P_9A>7.50</P_9A>
        <P_9B>9.22</P_9B>
        <P_11>3547.00</P_11>
        <P_12>23</P_12>
    </FakturaWiersz>
    <FakturaWiersz>
        <P_2B>1-17/11/2020</P_2B>
        <P_7>Informatyczne narzędzia edukacyjne</P_7>
        <P_8A>szt</P_8A>
        <P_8B>1</P_8B>
        <P_9A>1593.50</P_9A>
        <P_9B>1960.00</P_9B>
        <P_11>1593.50</P_11>
        <P_12>23</P_12>
    </FakturaWiersz>
    <FakturaWiersz>
        <P_2B>1-25/11/2020</P_2B>
        <P_7>Prace związane z utrzymaniem aplikacji Aplikacja sprzedażowa w październiku 2020, zgodnie z załącznikiem</P_7>
        <P_8A>szt</P_8A>
        <P_8B>8.95125</P_8B>
        <P_9A>1000.00</P_9A>
        <P_9B>1230.00</P_9B>
        <P_11>8951.25</P_11>
        <P_12>23</P_12>
    </FakturaWiersz>
    <FakturaWiersz>
        <P_2B>1-25/11/2020</P_2B>
        <P_7>Prace związane z utrzymaniem aplikacji Sellcar w październiku 2020, zgodnie z załącznikiem</P_7>
        <P_8A>szt</P_8A>
        <P_8B>3.41750</P_8B>
        <P_9A>1000.00</P_9A>
        <P_9B>1230.00</P_9B>
        <P_11>3417.50</P_11>
        <P_12>23</P_12>
    </FakturaWiersz>
    <FakturaWiersz>
        <P_2B>1-25/11/2020</P_2B>
        <P_7>Prace związane z utrzymaniem systemu Aplikacja GPS w październiku 2020, zgodnie z załącznikiem</P_7>
        <P_8A>szt</P_8A>
        <P_8B>14.56250</P_8B>
        <P_9A>1000.00</P_9A>
        <P_9B>1230.00</P_9B>
        <P_11>14562.50</P_11>
        <P_12>23</P_12>
    </FakturaWiersz>
    <FakturaWiersz>
        <P_2B>1-25/11/2020</P_2B>
        <P_7>Prace związane z utrzymaniem systemu Aplikacja ubezpieczeniowa w październiku 2020, zgodnie z załącznikiem</P_7>
        <P_8A>szt</P_8A>
        <P_8B>1.81250</P_8B>
        <P_9A>1000.00</P_9A>
        <P_9B>1230.00</P_9B>
        <P_11>1812.50</P_11>
        <P_12>23</P_12>
    </FakturaWiersz>
    <FakturaWiersz>
        <P_2B>1-25/11/2020</P_2B>
        <P_7>Prace związane z utrzymaniem systemu Aplikacja windykacyjna w październiku 2020, zgodnie z załącznikiem</P_7>
        <P_8A>szt</P_8A>
        <P_8B>0.56250</P_8B>
        <P_9A>1000.00</P_9A>
        <P_9B>1230.00</P_9B>
        <P_11>562.50</P_11>
        <P_12>23</P_12>
    </FakturaWiersz>
    <FakturaWiersz>
        <P_2B>1-25/11/2020</P_2B>
        <P_7>Prace związane z utrzymaniem systemu Ces w październiku 2020, zgodnie z załącznikiem</P_7>
        <P_8A>szt</P_8A>
        <P_8B>1.21875</P_8B>
        <P_9A>1000.00</P_9A>
        <P_9B>1230.00</P_9B>
        <P_11>1218.75</P_11>
        <P_12>23</P_12>
    </FakturaWiersz>
    <FakturaWiersz>
        <P_2B>1-25/11/2020</P_2B>
        <P_7>Prace związane z utrzymaniem usługi eFaktura w październiku 2020, zgodnie z załącznikiem</P_7>
        <P_8A>szt</P_8A>
        <P_8B>0.20625</P_8B>
        <P_9A>1000.00</P_9A>
        <P_9B>1230.00</P_9B>
        <P_11>206.25</P_11>
        <P_12>23</P_12>
    </FakturaWiersz>
    <FakturaWiersz>
        <P_2B>1-25/11/2020</P_2B>
        <P_7>Prace związane z utrzymaniem – wyceny w październiku 2020, zgodnie z załącznikiem</P_7>
        <P_8A>szt</P_8A>
        <P_8B>3.29875</P_8B>
        <P_9A>1000.00</P_9A>
        <P_9B>1230.00</P_9B>
        <P_11>3298.75</P_11>
        <P_12>23</P_12>
    </FakturaWiersz>
    <FakturaWiersz>
        <P_2B>2-25/11/2020</P_2B>
        <P_7>Prace związane z utrzymaniem infrastruktury w październiku 2020, zgodnie z załącznikiem</P_7>
        <P_8A>szt</P_8A>
        <P_8B>12.77500</P_8B>
        <P_9A>1000.00</P_9A>
        <P_9B>1230.00</P_9B>
        <P_11>12775.00</P_11>
        <P_12>23</P_12>
    </FakturaWiersz>
    <FakturaWiersz>
        <P_2B>3-25/11/2020</P_2B>
        <P_7>Prace rozwojowe - #68697 : Filtry</P_7>
        <P_8A>szt</P_8A>
        <P_8B>18.25</P_8B>
        <P_9A>1000.00</P_9A>
        <P_9B>1230.00</P_9B>
        <P_11>18250.00</P_11>
        <P_12>23</P_12>
    </FakturaWiersz>
    <FakturaWiersz>
        <P_2B>3-25/11/2020</P_2B>
        <P_7>Prace rozwojowe - #69084 :Nowe pop-upy i frame w górnej belce Selltoll</P_7>
        <P_8A>szt</P_8A>
        <P_8B>2.5</P_8B>
        <P_9A>1000.00</P_9A>
        <P_9B>1230.00</P_9B>
        <P_11>2500.00</P_11>
        <P_12>23</P_12>
    </FakturaWiersz>
    <FakturaWiersz>
        <P_2B>3-25/11/2020</P_2B>
        <P_7>Prace rozwojowe - #69169 :Podział ruchu na iframe/zalogowany/anonimowy </P_7>
        <P_8A>szt</P_8A>
        <P_8B>3</P_8B>
        <P_9A>1000.00</P_9A>
        <P_9B>1230.00</P_9B>
        <P_11>3000.00</P_11>
        <P_12>23</P_12>
    </FakturaWiersz>
    <FakturaWiersz>
        <P_2B>3-25/11/2020</P_2B>
        <P_7>Prace rozwojowe - #69401 : Dodatki po audycie UX

</P_7>
        <P_8A>szt</P_8A>
        <P_8B>2</P_8B>
        <P_9A>1000.00</P_9A>
        <P_9B>1230.00</P_9B>
        <P_11>2000.00</P_11>
        <P_12>23</P_12>
    </FakturaWiersz>
    <FakturaWiersz>
        <P_2B>3-25/11/2020</P_2B>
        <P_7>Prace rozwojowe - #50956 : Grupowanie pojazdów - rozliczenie część 2</P_7>
        <P_8A>szt</P_8A>
        <P_8B>29.2125</P_8B>
        <P_9A>1000.00</P_9A>
        <P_9B>1230.00</P_9B>
        <P_11>29212.50</P_11>
        <P_12>23</P_12>
    </FakturaWiersz>
    <FakturaWiersz>
        <P_2B>3-25/11/2020</P_2B>
        <P_7>Prace rozwojowe - #60386 : Obsługa pojazdów importowanych – rozliczenie część 2</P_7>
        <P_8A>szt</P_8A>
        <P_8B>30.87125</P_8B>
        <P_9A>1000.00</P_9A>
        <P_9B>1230.00</P_9B>
        <P_11>30871.25</P_11>
        <P_12>23</P_12>
    </FakturaWiersz>
    <FakturaWiersz>
        <P_2B>1-07/12/2020</P_2B>
        <P_7>NAJEM SERWERA ZA OKRES 11.2020 (SPECYFIKACJA ZGODNA Z UMOWĄ)   </P_7>
        <P_8A>szt</P_8A>
        <P_8B>1</P_8B>
        <P_9A>13000.00</P_9A>
        <P_9B>15990.00</P_9B>
        <P_11>13000.00</P_11>
        <P_12>23</P_12>
    </FakturaWiersz>
    <FakturaWiersz>
        <P_2B>2-07/12/2020</P_2B>
        <P_7>Firma8 - prace projektowe oraz programistyczne, zgodnie z załącznikiem</P_7>
        <P_8A>szt</P_8A>
        <P_8B>12.46875</P_8B>
        <P_9A>1250.00</P_9A>
        <P_9B>1537.50</P_9B>
        <P_11>15585.94</P_11>
        <P_12>23</P_12>
    </FakturaWiersz>
    <FakturaWiersz>
        <P_2B>3-07/12/2020</P_2B>
        <P_7>Abonament – aktywne karty SIM zgodnie z załącznikiem </P_7>
        <P_8A>szt</P_8A>
        <P_8B>536.86620</P_8B>
        <P_9A>7.50</P_9A>
        <P_9B>9.22</P_9B>
        <P_11>4026.50</P_11>
        <P_12>23</P_12>
    </FakturaWiersz>
    <FakturaWiersz>
        <P_2B>4-07/12/2020</P_2B>
        <P_7>Urządzenia GPS – terminale/montaż – listopad 2020 zgodnie z załącznikiem </P_7>
        <P_8A>szt</P_8A>
        <P_8B>52</P_8B>
        <P_9A>280.00</P_9A>
        <P_9B>344.40</P_9B>
        <P_11>14560.00</P_11>
        <P_12>23</P_12>
    </FakturaWiersz>
    <FakturaWiersz>
        <P_2B>5-07/12/2020</P_2B>
        <P_7>Urządzenia GPS – terminale - uzupełnienie stocka urządzeń</P_7>
        <P_8A>szt</P_8A>
        <P_8B>100</P_8B>
        <P_9A>280.00</P_9A>
        <P_9B>344.40</P_9B>
        <P_11>28000.00</P_11>
        <P_12>23</P_12>
    </FakturaWiersz>
    <FakturaWiersz>
        <P_2B>6-07/12/2020</P_2B>
        <P_7>Zarządzanie infrastrukturą serwerową oraz usługami dla projektu Innovative- ZGODNIE Z RAPORTEM</P_7>
        <P_8A>szt</P_8A>
        <P_8B>1</P_8B>
        <P_9A>3090.63</P_9A>
        <P_9B>3801.47</P_9B>
        <P_11>3090.63</P_11>
        <P_12>23</P_12>
    </FakturaWiersz>
    <FakturaWiersz>
        <P_2B>1-09/12/2020</P_2B>
        <P_7>Firma3 - prace projektowe oraz programistyczne związane z rozwojem, zgodne z załącznikiem</P_7>
        <P_8A>szt</P_8A>
        <P_8B>78.8000</P_8B>
        <P_9A>1250.00</P_9A>
        <P_9B>1537.50</P_9B>
        <P_11>93500.00</P_11>
        <P_12>23</P_12>
    </FakturaWiersz>
    <FakturaWiersz>
        <P_2B>1-09/12/2020</P_2B>
        <P_7>Zarządzanie infrastrukturą serwerową oraz usługami dla projektu Firma3 – Premium</P_7>
        <P_8A>szt</P_8A>
        <P_8B>1</P_8B>
        <P_9A>7840.00</P_9A>
        <P_9B>9643.20</P_9B>
        <P_11>7840.00</P_11>
        <P_12>23</P_12>
    </FakturaWiersz>
    <FakturaWiersz>
        <P_2B>1-09/12/2020</P_2B>
        <P_7>Firma3 - prace projektowe oraz programistyczne związane z utrzymaniem i poprawą błędów oraz bieżącymi działaniami,  zgodne z załącznikiem</P_7>
        <P_8A>szt</P_8A>
        <P_8B>4</P_8B>
        <P_9A>1250.00</P_9A>
        <P_9B>1537.50</P_9B>
        <P_11>5000.00</P_11>
        <P_12>23</P_12>
    </FakturaWiersz>
    <FakturaWiersz>
        <P_2B>2-09/12/2020</P_2B>
        <P_7>Innovative - prace projektowe oraz programistyczne związane z rozwojem, zgodnie z załącznikiem</P_7>
        <P_8A>szt</P_8A>
        <P_8B>4.71875</P_8B>
        <P_9A>1250.00</P_9A>
        <P_9B>1537.50</P_9B>
        <P_11>5898.44</P_11>
        <P_12>23</P_12>
    </FakturaWiersz>
    <FakturaWiersz>
        <P_2B>2-09/12/2020</P_2B>
        <P_7>Innovative - prace projektowe oraz programistyczne związane z utrzymaniem i poprawą błędów oraz bieżącymi działaniami,  zgodnie z załącznikiem</P_7>
        <P_8A>szt</P_8A>
        <P_8B>0.93750</P_8B>
        <P_9A>1250.00</P_9A>
        <P_9B>1537.50</P_9B>
        <P_11>1171.88</P_11>
        <P_12>23</P_12>
    </FakturaWiersz>
    <FakturaWiersz>
        <P_2B>1-10/12/2020</P_2B>
        <P_7>Czynsz z tytułu najmu powierzchni w budynku przy ul. Radwańskiego 15 w Krakowie za Grudzień 2020</P_7>
        <P_8A>szt</P_8A>
        <P_8B>1</P_8B>
        <P_9A>3000.00</P_9A>
        <P_9B>3690.00</P_9B>
        <P_11>3000.00</P_11>
        <P_12>23</P_12>
    </FakturaWiersz>
    <FakturaWiersz>
        <P_2B>2-10/12/2020</P_2B>
        <P_7>Czynsz z tytułu najmu powierzchni w budynku przy ul. Radwańskiego 15 w Krakowie za Grudzień 2020</P_7>
        <P_8A>szt</P_8A>
        <P_8B>1</P_8B>
        <P_9A>7000.00</P_9A>
        <P_9B>8610.00</P_9B>
        <P_11>7000.00</P_11>
        <P_12>23</P_12>
    </FakturaWiersz>
    <FakturaWiersz>
        <P_2B>1-14/12/2020</P_2B>
        <P_7>Prace związane z utrzymaniem aplikacji Aplikacja sprzedażowa w listopadzie 2020, zgodnie z załącznikiem</P_7>
        <P_8A>szt</P_8A>
        <P_8B>3.97500</P_8B>
        <P_9A>1000.00</P_9A>
        <P_9B>1230.00</P_9B>
        <P_11>3975.00</P_11>
        <P_12>23</P_12>
    </FakturaWiersz>
    <FakturaWiersz>
        <P_2B>1-14/12/2020</P_2B>
        <P_7>Prace związane z utrzymaniem aplikacji Sellcar w listopadzie 2020, zgodnie z załącznikiem</P_7>
        <P_8A>szt</P_8A>
        <P_8B>16.06625</P_8B>
        <P_9A>1000.00</P_9A>
        <P_9B>1230.00</P_9B>
        <P_11>16066.25</P_11>
        <P_12>23</P_12>
    </FakturaWiersz>
    <FakturaWiersz>
        <P_2B>1-14/12/2020</P_2B>
        <P_7>Prace związane z utrzymaniem systemu Aplikacja GPS w listopadzie 2020, zgodnie z załącznikiem</P_7>
        <P_8A>szt</P_8A>
        <P_8B>5.69375</P_8B>
        <P_9A>1000.00</P_9A>
        <P_9B>1230.00</P_9B>
        <P_11>5693.75</P_11>
        <P_12>23</P_12>
    </FakturaWiersz>
    <FakturaWiersz>
        <P_2B>1-14/12/2020</P_2B>
        <P_7>Prace związane z utrzymaniem systemu Aplikacja ubezpieczeniowa w listopadzie 2020, zgodnie z załącznikiem</P_7>
        <P_8A>szt</P_8A>
        <P_8B>0.50000</P_8B>
        <P_9A>1000.00</P_9A>
        <P_9B>1230.00</P_9B>
        <P_11>500.00</P_11>
        <P_12>23</P_12>
    </FakturaWiersz>
    <FakturaWiersz>
        <P_2B>1-14/12/2020</P_2B>
        <P_7>Prace związane z utrzymaniem systemu Aplikacja windykacyjna w listopadzie 2020, zgodnie z załącznikiem</P_7>
        <P_8A>szt</P_8A>
        <P_8B>0.43750</P_8B>
        <P_9A>1000.00</P_9A>
        <P_9B>1230.00</P_9B>
        <P_11>437.50</P_11>
        <P_12>23</P_12>
    </FakturaWiersz>
    <FakturaWiersz>
        <P_2B>1-14/12/2020</P_2B>
        <P_7>Prace związane z utrzymaniem systemu Ces w listopadzie 2020, zgodnie z załącznikiem</P_7>
        <P_8A>szt</P_8A>
        <P_8B>0.53125</P_8B>
        <P_9A>1000.00</P_9A>
        <P_9B>1230.00</P_9B>
        <P_11>531.25</P_11>
        <P_12>23</P_12>
    </FakturaWiersz>
    <FakturaWiersz>
        <P_2B>1-14/12/2020</P_2B>
        <P_7>Prace związane z utrzymaniem usługi eFaktura w listopadzie 2020, zgodnie z załącznikiem</P_7>
        <P_8A>szt</P_8A>
        <P_8B>0.03125</P_8B>
        <P_9A>1000.00</P_9A>
        <P_9B>1230.00</P_9B>
        <P_11>31.25</P_11>
        <P_12>23</P_12>
    </FakturaWiersz>
    <FakturaWiersz>
        <P_2B>1-14/12/2020</P_2B>
        <P_7>Prace związane z utrzymaniem systemu Seyo (Portal Klienta) w listopadzie 2020, zgodnie z załącznikiem</P_7>
        <P_8A>szt</P_8A>
        <P_8B>0.12500</P_8B>
        <P_9A>1000.00</P_9A>
        <P_9B>1230.00</P_9B>
        <P_11>125.00</P_11>
        <P_12>23</P_12>
    </FakturaWiersz>
    <FakturaWiersz>
        <P_2B>1-14/12/2020</P_2B>
        <P_7>Prace związane z utrzymaniem – wyceny w listopadzie 2020, zgodnie z załącznikiem</P_7>
        <P_8A>szt</P_8A>
        <P_8B>1.56000</P_8B>
        <P_9A>1000.00</P_9A>
        <P_9B>1230.00</P_9B>
        <P_11>1560.00</P_11>
        <P_12>23</P_12>
    </FakturaWiersz>
    <FakturaWiersz>
        <P_2B>2-14/12/2020</P_2B>
        <P_7>Prace związane z utrzymaniem infrastruktury w listopadzie 2020, zgodnie z załącznikiem</P_7>
        <P_8A>szt</P_8A>
        <P_8B>13.54375</P_8B>
        <P_9A>1000.00</P_9A>
        <P_9B>1230.00</P_9B>
        <P_11>13543.75</P_11>
        <P_12>23</P_12>
    </FakturaWiersz>
    <FakturaWiersz>
        <P_2B>3-14/12/2020</P_2B>
        <P_7>Prace rozwojowe - #70418: SSR</P_7>
        <P_8A>szt</P_8A>
        <P_8B>19</P_8B>
        <P_9A>1000.00</P_9A>
        <P_9B>1230.00</P_9B>
        <P_11>19000.00</P_11>
        <P_12>23</P_12>
    </FakturaWiersz>
    <FakturaWiersz>
        <P_2B>3-14/12/2020</P_2B>
        <P_7>Prace rozwojowe - #70713: Wszystkie samochody razem i wartość na kaflu (ograniczony zakres)</P_7>
        <P_8A>szt</P_8A>
        <P_8B>15</P_8B>
        <P_9A>1000.00</P_9A>
        <P_9B>1230.00</P_9B>
        <P_11>15000.00</P_11>
        <P_12>23</P_12>
    </FakturaWiersz>
    <FakturaWiersz>
        <P_2B>3-14/12/2020</P_2B>
        <P_7>Prace rozwojowe - #70991: Finansowanie obce</P_7>
        <P_8A>szt</P_8A>
        <P_8B>4.75</P_8B>
        <P_9A>1000.00</P_9A>
        <P_9B>1230.00</P_9B>
        <P_11>4750.00</P_11>
        <P_12>23</P_12>
    </FakturaWiersz>
    <FakturaWiersz>
        <P_2B>3-14/12/2020</P_2B>
        <P_7>Prace rozwojowe - #69512: Raport danych klienta na podstawie danych z BIK</P_7>
        <P_8A>szt</P_8A>
        <P_8B>3.46875</P_8B>
        <P_9A>1000.00</P_9A>
        <P_9B>1230.00</P_9B>
        <P_11>3468.75</P_11>
        <P_12>23</P_12>
    </FakturaWiersz>
    <FakturaWiersz>
        <P_2B>3-14/12/2020</P_2B>
        <P_7>Prace rozwojowe - #70916: Zmiana kwoty minimalnej w zalezności od przeznaczenia gotówki</P_7>
        <P_8A>szt</P_8A>
        <P_8B>1</P_8B>
        <P_9A>1000.00</P_9A>
        <P_9B>1230.00</P_9B>
        <P_11>1000.00</P_11>
        <P_12>23</P_12>
    </FakturaWiersz>
    <FakturaWiersz>
        <P_2B>3-14/12/2020</P_2B>
        <P_7>Prace rozwojowe - #71459: SME</P_7>
        <P_8A>szt</P_8A>
        <P_8B>1.875</P_8B>
        <P_9A>1000.00</P_9A>
        <P_9B>1230.00</P_9B>
        <P_11>1875.00</P_11>
        <P_12>23</P_12>
    </FakturaWiersz>
    <FakturaWiersz>
        <P_2B>4-14/12/2020</P_2B>
        <P_7>System „Tankuj korzyści” zgodnie ze ZLECENIEM NR 5 z dnia 15.01.2020 – rozliczenie rozszerzeń, zgodnie z załącznikiem</P_7>
        <P_8A>szt</P_8A>
        <P_8B>41.60</P_8B>
        <P_9A>1400.00</P_9A>
        <P_9B>1722.00</P_9B>
        <P_11>58240.00</P_11>
        <P_12>23</P_12>
    </FakturaWiersz>
    <FakturaWiersz>
        <P_2B>1-04/01/2021</P_2B>
        <P_7>Innovative - prace projektowe oraz programistyczne związane z rozwojem, zgodnie z załącznikiem</P_7>
        <P_8A>szt</P_8A>
        <P_8B>14.65625</P_8B>
        <P_9A>1250.00</P_9A>
        <P_9B>1537.50</P_9B>
        <P_11>18320.31</P_11>
        <P_12>23</P_12>
    </FakturaWiersz>
    <FakturaWiersz>
        <P_2B>1-04/01/2021</P_2B>
        <P_7>Innovative - prace projektowe oraz programistyczne związane z utrzymaniem i poprawą błędów oraz bieżącymi działaniami,  zgodnie z załącznikiem</P_7>
        <P_8A>szt</P_8A>
        <P_8B>0.87500</P_8B>
        <P_9A>1250.00</P_9A>
        <P_9B>1537.50</P_9B>
        <P_11>1093.75</P_11>
        <P_12>23</P_12>
    </FakturaWiersz>
    <FakturaWiersz>
        <P_2B>2-04/01/2021</P_2B>
        <P_7>Zarządzanie infrastrukturą serwerową oraz usługami dla projektu Innovative- ZGODNIE Z RAPORTEM</P_7>
        <P_8A>szt</P_8A>
        <P_8B>1</P_8B>
        <P_9A>6200.00</P_9A>
        <P_9B>7626.00</P_9B>
        <P_11>6200.00</P_11>
        <P_12>23</P_12>
    </FakturaWiersz>
    <FakturaWiersz>
        <P_2B>3-04/01/2021</P_2B>
        <P_7>Firma3 - prace projektowe oraz programistyczne związane z rozwojem, zgodne z załącznikiem</P_7>
        <P_8A>szt</P_8A>
        <P_8B>95.26250</P_8B>
        <P_9A>1250.00</P_9A>
        <P_9B>1537.50</P_9B>
        <P_11>114078.13</P_11>
        <P_12>23</P_12>
    </FakturaWiersz>
    <FakturaWiersz>
        <P_2B>3-04/01/2021</P_2B>
        <P_7>Zarządzanie infrastrukturą serwerową oraz usługami dla projektu Firma3 – Premium</P_7>
        <P_8A>szt</P_8A>
        <P_8B>1</P_8B>
        <P_9A>7840.00</P_9A>
        <P_9B>9643.20</P_9B>
        <P_11>7840.00</P_11>
        <P_12>23</P_12>
    </FakturaWiersz>
    <FakturaWiersz>
        <P_2B>3-04/01/2021</P_2B>
        <P_7>Firma3 - prace projektowe oraz programistyczne związane z utrzymaniem i poprawą błędów oraz bieżącymi działaniami,  zgodne z załącznikiem</P_7>
        <P_8A>szt</P_8A>
        <P_8B>4</P_8B>
        <P_9A>1250.00</P_9A>
        <P_9B>1537.50</P_9B>
        <P_11>5000.00</P_11>
        <P_12>23</P_12>
    </FakturaWiersz>
    <FakturaWiersz>
        <P_2B>4-04/01/2021</P_2B>
        <P_7>Firma8 - prace projektowe oraz programistyczne, zgodnie z załącznikiem</P_7>
        <P_8A>szt</P_8A>
        <P_8B>21.01875</P_8B>
        <P_9A>1250.00</P_9A>
        <P_9B>1537.50</P_9B>
        <P_11>26273.44</P_11>
        <P_12>23</P_12>
    </FakturaWiersz>
    <FakturaWiersz>
        <P_2B>5-04/01/2021</P_2B>
        <P_7>NAJEM SERWERA ZA OKRES 12.2020 (SPECYFIKACJA ZGODNA Z UMOWĄ)   </P_7>
        <P_8A>szt</P_8A>
        <P_8B>1</P_8B>
        <P_9A>13000.00</P_9A>
        <P_9B>15990.00</P_9B>
        <P_11>13000.00</P_11>
        <P_12>23</P_12>
    </FakturaWiersz>
    <FakturaWiersz>
        <P_2B>1-12/01/2021</P_2B>
        <P_7>Abonament – aktywne karty SIM zgodnie z załącznikiem </P_7>
        <P_8A>szt</P_8A>
        <P_8B>596.0335</P_8B>
        <P_9A>7.50</P_9A>
        <P_9B>9.22</P_9B>
        <P_11>4470.25</P_11>
        <P_12>23</P_12>
    </FakturaWiersz>
    <FakturaWiersz>
        <P_2B>2-12/01/2021</P_2B>
        <P_7>Urządzenia GPS – terminale/montaż – listopad 2020 zgodnie z załącznikiem </P_7>
        <P_8A>szt</P_8A>
        <P_8B>65</P_8B>
        <P_9A>280.00</P_9A>
        <P_9B>344.40</P_9B>
        <P_11>18200.00</P_11>
        <P_12>23</P_12>
    </FakturaWiersz>
    <FakturaWiersz>
        <P_2B>1-19/01/2021</P_2B>
        <P_7>Prace związane z utrzymaniem aplikacji Aplikacja sprzedażowa w grudniu 2020, zgodnie z załącznikiem</P_7>
        <P_8A>szt</P_8A>
        <P_8B>8.68750</P_8B>
        <P_9A>1000.00</P_9A>
        <P_9B>1230.00</P_9B>
        <P_11>8687.50</P_11>
        <P_12>23</P_12>
    </FakturaWiersz>
    <FakturaWiersz>
        <P_2B>1-19/01/2021</P_2B>
        <P_7>Prace związane z utrzymaniem aplikacji Sellcar w grudniu 2020, zgodnie z załącznikiem</P_7>
        <P_8A>szt</P_8A>
        <P_8B>10.27750</P_8B>
        <P_9A>1000.00</P_9A>
        <P_9B>1230.00</P_9B>
        <P_11>10277.50</P_11>
        <P_12>23</P_12>
    </FakturaWiersz>
    <FakturaWiersz>
        <P_2B>1-19/01/2021</P_2B>
        <P_7>Prace związane z utrzymaniem systemu Aplikacja GPS w grudniu 2020, zgodnie z załącznikiem</P_7>
        <P_8A>szt</P_8A>
        <P_8B>4.50000</P_8B>
        <P_9A>1000.00</P_9A>
        <P_9B>1230.00</P_9B>
        <P_11>4500.00</P_11>
        <P_12>23</P_12>
    </FakturaWiersz>
    <FakturaWiersz>
        <P_2B>1-19/01/2021</P_2B>
        <P_7>Prace związane z utrzymaniem systemu Aplikacja ubezpieczeniowa w grudniu 2020, zgodnie z załącznikiem</P_7>
        <P_8A>szt</P_8A>
        <P_8B>0.68750</P_8B>
        <P_9A>1000.00</P_9A>
        <P_9B>1230.00</P_9B>
        <P_11>687.50</P_11>
        <P_12>23</P_12>
    </FakturaWiersz>
    <FakturaWiersz>
        <P_2B>1-19/01/2021</P_2B>
        <P_7>Prace związane z utrzymaniem systemu Aplikacja windykacyjna w grudniu 2020, zgodnie z załącznikiem</P_7>
        <P_8A>szt</P_8A>
        <P_8B>2.31250</P_8B>
        <P_9A>1000.00</P_9A>
        <P_9B>1230.00</P_9B>
        <P_11>2312.50</P_11>
        <P_12>23</P_12>
    </FakturaWiersz>
    <FakturaWiersz>
        <P_2B>1-19/01/2021</P_2B>
        <P_7>Prace związane z utrzymaniem systemu Ces w grudniu 2020, zgodnie z załącznikiem</P_7>
        <P_8A>szt</P_8A>
        <P_8B>0.31250</P_8B>
        <P_9A>1000.00</P_9A>
        <P_9B>1230.00</P_9B>
        <P_11>312.50</P_11>
        <P_12>23</P_12>
    </FakturaWiersz>
    <FakturaWiersz>
        <P_2B>1-19/01/2021</P_2B>
        <P_7>Prace związane z utrzymaniem usługi eFaktura w grudniu 2020, zgodnie z załącznikiem</P_7>
        <P_8A>szt</P_8A>
        <P_8B>0.12500</P_8B>
        <P_9A>1000.00</P_9A>
        <P_9B>1230.00</P_9B>
        <P_11>125.00</P_11>
        <P_12>23</P_12>
    </FakturaWiersz>
    <FakturaWiersz>
        <P_2B>1-19/01/2021</P_2B>
        <P_7>Prace związane z utrzymaniem systemu Seyo (Portal Klienta) w grudniu 2020, zgodnie z załącznikiem</P_7>
        <P_8A>szt</P_8A>
        <P_8B>0.18750</P_8B>
        <P_9A>1000.00</P_9A>
        <P_9B>1230.00</P_9B>
        <P_11>187.50</P_11>
        <P_12>23</P_12>
    </FakturaWiersz>
    <FakturaWiersz>
        <P_2B>1-19/01/2021</P_2B>
        <P_7>Prace związane z utrzymaniem – wyceny w grudniu 2020, zgodnie z załącznikiem</P_7>
        <P_8A>szt</P_8A>
        <P_8B>3.74375</P_8B>
        <P_9A>1000.00</P_9A>
        <P_9B>1230.00</P_9B>
        <P_11>3743.75</P_11>
        <P_12>23</P_12>
    </FakturaWiersz>
    <FakturaWiersz>
        <P_2B>2-19/01/2021</P_2B>
        <P_7>Prace związane z utrzymaniem infrastruktury w grudniu 2020, zgodnie z załącznikiem</P_7>
        <P_8A>szt</P_8A>
        <P_8B>13.43125</P_8B>
        <P_9A>1000.00</P_9A>
        <P_9B>1230.00</P_9B>
        <P_11>13431.25</P_11>
        <P_12>23</P_12>
    </FakturaWiersz>
    <FakturaWierszCtrl>
        <LiczbaWierszyFaktur>108</LiczbaWierszyFaktur>
        <WartoscWierszyFaktur>1433794.03</WartoscWierszyFaktur>
    </FakturaWierszCtrl>
</JPK>
